2962 4812
672 187 884 252 ...74-

277 357 319 421 ad
342 357 462 438 scripta
477 355 653 438 Euphronii
676 358 762 437 quod
783 357 909 438 attinet,
932 355 1177 424 commentarios
1199 357 1233 422 iu
1247 355 1372 422 Aristo·

190 465 326 548 phanem
357 485 429 532 eum
460 466 673 550 composuisse
700 487 739 534 ex
766 469 845 551 ipsis
877 467 1006 534 scholiis
1035 467 1115 532 satis
1143 467 1260 548 elucet;
1291 487 1372 551 qnos

190 579 432 643 commentarios
464 579 583 644 diserto
613 579 852 646 commemorari
883 578 981 645 schol.
1003 579 1062 645 Au.
1087 579 1169 646 1403
1191 578 1256 644 iam
1278 577 1372 644 initio

190 689 310 755 dictum
333 695 391 754 est.
434 689 546 770 quodsi
575 689 607 754 in
636 709 811 773 paucarum
842 690 1024 756 fabularum
1055 690 1183 756 scholiis
1215 689 1283 756 eius
1306 709 1372 756 me-

191 799 292 866 moria
314 800 444 882 prodita
474 807 541 884 est,
571 801 631 868 hoc
661 803 783 868 nonnisi
815 820 891 868 casu
920 801 1041 866 factum
1073 800 1269 868 censebimus
1298 821 1372 868 cum

188 910 371 992 Dindorfio,
401 914 510 981 scholi.
541 915 590 980 ed.
621 919 644 978 t.
672 913 724 978 III
745 933 776 995 p.
799 913 862 978 388
885 932 914 978 n.
958 921 1098 978 ceterum
1128 931 1146 978 e
1176 911 1264 978 Suid.
1293 931 1317 976 s.
1340 933 1370 978 v.

189 1023 448 1110 παραιξοροῦσιν
470 1024 576 1109 (Phoc.
599 1025 673 1104 383,
695 1026 751 1109 21)
778 1031 810 1090 T
806 1017 980 1110 ογηνισοάς
1002 1042 1128 1106 quoque
1146 1022 1370 1106 Aristophanis

187 1151 259 1200 eum
289 1135 534 1218 interpretatum
565 1156 633 1202 esse
661 1142 748 1202 recte
781 1135 909 1218 collegit
939 1135 1151 1202 Schneiderus
1182 1153 1213 1216 p.
1241 1135 1292 1202 87.
1336 1140 1371 1199 et

189 1245 298 1327 aliqua
320 1247 456 1330 uestigia
478 1267 514 1313 eo
530 1248 704 1329 adducunt,
727 1253 764 1312 ut
786 1247 859 1314 aliis
874 1265 997 1329 quoque
1019 1246 1124 1328 poetis
1146 1245 1273 1310 comicis
1295 1264 1371 1328 ope-

189 1374 259 1420 ram
275 1363 418 1423 nostrum
436 1359 561 1424 dedisse
578 1359 810 1439 existimemus;
834 1359 918 1441 quod
934 1357 1060 1439 quidem
1075 1356 1204 1423 videtur
1217 1355 1372 1436 Nauckio‚

187 1467 207 1531 l.
231 1469 261 1546 l.‚
290 1467 481 1536 Schneidero
514 1487 605 1537 secus
627 1469 761 1535 videtur.
807 1477 904 1552 atque
927 1470 1043 1536 Athen.
1065 1468 1113 1532 XI
1133 1467 1198 1534 495
1223 1466 1370 1549 Euphro-

187 1579 232 1644 nii
248 1580 279 1644 in
294 1580 416 1646 Cratini
429 1581 583 1648 Thressas
597 1579 769 1662 significari
784 1581 1044 1648 commentarium
1060 1599 1121 1646 non
1135 1577 1256 1660 dubito,
1279 1597 1371 1660 pror·
1467 1568 1471 1576 ’

188 1707 242 1754 sus
265 1691 448 1757 adsentiens
469 1667 609 1772 Bergkio
623 1692 652 1773 ¹)
677 1691 810 1775 (Gomm.
834 1694 874 1758 de
896 1692 962 1758 rell.
986 1710 1065 1758 corn.
1088 1695 1146 1756 att.
1168 1695 1234 1756 ant.
1256 1709 1287 1772 p.
1303 1692 1371 1772 91),

191 1820 325 1883 quocum
356 1802 434 1870 iacit
463 1804 499 1868 R.
528 1803 683 1870 Schmidt.
728 1807 761 1869 et
793 1802 929 1870 fortasse
961 1803 1036 1868 licet
1067 1821 1105 1867 ox
1135 1801 1187 1868 Et.
1219 1802 1262 1867 M.
1291 1820 1316 1867 s.
1338 1823 1370 1868 u.

187 1908 341 1999 ἒνεργμός
370 1915 437 1980 eius
468 1915 728 1982 commentarium
759 1914 932 2004 exstitisse,
957 1914 989 1978 in
1022 1912 1196 1997 Phrynichi
1226 1912 1368 1978 Gonnum

186 2022 267 2090 elici.
289 2023 398 2089 -ita
422 2025 556 2108 denique
578 2026 637 2092 loci
657 2044 781 2107 quoque
803 2027 889 2108 apud
911 2025 1003 2090 Phot.
1028 2022 1099 2105 165,
1135 2025 1172 2090 11
1198 2023 1268 2106 (ubi
1289 2024 1368 2108 quid

187 2133 230 2198 sit
252 2131 393 2199 Kalisia
415 2137 559 2219 exponit3
583 2135 621 2203 cf.
644 2136 781 2218 Hesych.
804 2155 828 2202 s.
852 2136 882 2201 h.
906 2137 950 2221 v.)
973 2141 1006 2202 et
1028 2135 1125 2201 schol.
1140 2135 1271 2218 Dionys
1295 2135 1368 2217 782,

188 2243 228 2309 15
251 2243 320 2329 (ubi
343 2246 418 2328 quid
441 2247 501 2314 sibi
523 2247 622 2314 velint
654 2243 817 2334 φοινίκοιοι
846 2242 1022 2333 γράμματα
1045 2245 1152 2332 docet)
1180 2246 1248 2312 sine
1270 2245 1367 2312 dubio

188 2375 226 2422 ex
248 2357 316 2422 eius
339 2357 371 2422 in
395 2359 547 2424 comicum
570 2359 709 2440 aliquem
732 2357 967 2425 commentariis
988 2356 1156 2424 fluxerunt.

273 2468 336 2532 iam
360 2489 456 2551 opera
478 2487 572 2550 quam
596 2470 805 2553 Aristophani
822 2469 1026 2552 Euphronius
1048 2467 1185 2552 navavit,
1208 2468 1276 2534 iere
1297 2473 1369 2534 tota

186 2580 314 2646 videtur
347 2581 502 2648 collocata
533 2581 630 2648 fuisse
666 2583 698 2646 in
728 2587 845 2664 poetae
877 2587 910 2646 et
940 2580 1102 2648 vocabulis
1139 2587 1173 2646 et
1202 2576 1370 2644 sententiis

186 2691 444 2774 interpretandis.
488 2711 609 2774 paucae
638 2691 706 2758 eius
728 2696 855 2759 exstant
878 2693 918 2758 de
948 2690 1083 2773 siugulis
1111 2689 1240 2756 vocibus
1261 2689 1369 2755 obser·

187 2803 330 2869 vationes
363 2805 599 2883 grammaticae.
650 2809 747 2886 atque
783 2803 823 2868 ab
853 2803 903 2869 his
942 2808 979 2868 ut
1005 2801 1167 2867 ordiamur
1197 2837 1238 2848 -
1270 2799 1369 2866 schol.

185 2913 280 2995 Vesp.
304 2913 366 2980 696
388 2913 561 2980 identidem
584 2913 674 2980 nohis
697 2914 795 2980 allato
818 2913 910 2980 testis
933 2913 986 2979 ille
1016 2918 1065 2979 est
1095 2926 1171 2978 usus
1199 2907 1259 2988 aa
1279 2909 1368 2978 vocis

187 3025 227 3090 ah
256 3025 444 3092 Aristarcho
467 3031 503 3092 ut
525 3044 582 3092 nos
603 3031 754 3108 putamus
778 3025 890 3091 notati.
934 3041 1068 3107 quocum
1091 3023 1272 3090 testimonio
1294 3041 1369 3088 uou-

187 3135 320 3202 ierenda
351 3136 513 3204 distinctio
545 3157 609 3221 qua
639 3155 746 3204 vocem
778 3133 837 3214 aa
866 3137 893 3201 si
928 3140 1012 3202 esset
1041 3129 1187 3220 αἰγιαλός
1218 3133 1369 3200 feminino

190 3263 305 3326 genere
327 3248 488 3328 usurpari,
521 3249 548 3312 si
570 3255 655 3314 esset
678 3242 783 3332 σωρός
805 3247 978 3313 masculino
1001 3245 1176 3312 docebant:
1199 3265 1227 3312 v.
1250 3244 1301 3310 Et.
1324 3245 1368 3310 M.

186 3355 260 3438 450,
283 3356 364 3440 2²);
396 3361 493 3438 atque
523 3358 620 3423 etiam
650 3359 712 3422 duo
743 3359 870 3423 diversa
900 3376 968 3424 esse
1001 3357 1154 3425 vocabula
1179 3377 1200 3422 a
1234 3356 1370 3422 diversis

187 3468 303 3550 etymis
318 3467 494 3533 derivanda
517 3469 563 3534 eis
578 3467 707 3550 placuit.
744 3474 780 3533 at
800 3469 924 3534 futilem
945 3488 1014 3536 esse
1036 3488 1104 3535 eam
1133 3467 1370 3534 distinctionem

188 3597 320 3661 prorsus
355 3583 491 3661 apparet
523 3579 551 3644 si
591 3579 660 3662 quis
698 3599 779 3662 quae
811 3579 919 3662 Steph.
950 3581 1043 3646 Thea.
1078 3598 1103 3645 s.
1125 3579 1156 3644 h.
1178 3599 1208 3645 u.
1240 3579 1371 3646 exhibet

191 3753 344 3760 -.-———-.
370 3754 390 3758 --

276 3855 306 3933 1)
331 3855 394 3934 qui,
410 3855 576 3932 comparari
605 3855 690 3918 iubet
718 3856 794 3917 Poll.
822 3857 862 3932 X,
901 3858 938 3917 67
970 3852 1152 3936 reparandos
1188 3850 1220 3915 dt
1254 3847 1308 3926 τὰς
1338 3851 1370 3916 ἐν

191 3949 338 4040 Θρᾴτταις
362 3955 510 4036 Κρατίνου
541 3956 661 4028 waltunc
691 3951 712 4035 ἢ
733 3952 855 4030 κύλικας
877 3951 898 4036 ἢ
919 3958 1076 4038 ποοχοίδιοι
1109 3951 1184 4019 εἶναι
1212 3949 1369 4029 δοκούσας.

272 4061 303 4138 2)
327 4061 363 4120 ci.
403 4065 503 4120 tamen
539 4061 646 4142 quibus
679 4064 753 4123 haee
792 4063 857 4140 ipsa
892 4063 1040 4124 tolluntur
1070 4064 1116 4123 nt.
1147 4065 1188 4122 M.
1223 4067 1295 4136 450,
1328 4067 1368 4122 34

188 4159 256 4230 θίςι
286 4156 318 4220 τό
342 4159 394 4232 θὶς
417 4159 465 4221 ἐπὶ
488 4165 543 4222 τοῦ
566 4161 699 4242 αἰγιαλοῦ
728 4156 886 4242 οἷοσενικὸν
907 4162 957 4224 καὶ
981 4159 1114 4244 θηλυκόν
1137 4162 1215 4225 ἔστι·
1245 4161 1296 4223 καὶ
1318 4160 1370 4224 ἐπὶ

188 4265 241 4322 τοῦ
272 4265 372 4342 σωροῦ
394 4257 506 4341 ὁμοίως
538 4259 697 4346 ἀρσενικόν
729 4263 779 4326 καὶ
801 4261 938 4343 θηλυκόν
971 4265 1038 4328 ἔστι.
1084 4270 1121 4328 cf.
1146 4269 1191 4328 La
1211 4269 1304 4328 Rooh.
1329 4269 1368 4328 H.

188 4367 220 4426 Τ.
245 4372 315 4426 282.
