2962 4812
717 189 929 253 ..8,

234 359 404 440 bedcutet‚
433 360 499 426 als:
533 359 686 425 zwischcn
717 359 790 424 dem
819 359 1132 442 Regioruugsautritt
1161 361 1218 426 des
1240 359 1360 444 Euerg.
1387 363 1430 426 Π

236 471 316 552 (146
339 490 368 536 v.
391 471 477 553 (ihr.)
508 471 572 536 und
595 471 635 536 31
659 489 687 534 v.
711 469 783 535 Chr.
827 471 1004 536 Besondcrs
1033 465 1429 556 ασ11α11ειιδο.Ἀμμώ-

237 603 305 657 νιος
324 574 522 664 Ἀμμωνίου.
564 581 679 648 Nichts
708 581 842 646 anderes
871 581 934 646 will
956 581 1037 648 auch
1062 581 1152 662 jones
1175 579 1430 668 καὶπρότερον

235 691 288 758 1ιεί
310 691 460 774 Tryphon
483 711 579 772 sagcn
602 696 671 755 —.“
691 691 730 757 oi.
753 695 790 756 A.
814 691 853 758 de
869 692 992 772 velcon,
1015 691 1171 774 Tryhonis
1192 692 1306 774 fragm.
1328 715 1362 777 p.
1386 699 1428 760 2.

319 797 381 867 ¹fuit
403 821 477 882 ergo
492 803 676 868 Ammonius
698 803 885 869 ‘Aristarchi
907 805 1034 870 auditor
1056 808 1089 869 et
1111 805 1280 870 successor'
1303 805 1427 888 (Wolf,

190 893 194 902 .
236 913 379 994 Prolegg.
409 934 440 996 p.
463 914 551 996 237),
582 916 666 980 uude
696 933 819 979 summa
840 933 911 979 euru
933 914 1016 980 inter
1038 913 1215 980 Aristarchi
1238 915 1426 998 discipulos
1462 987 1463 994 ρ

235 1042 327 1088 usum
358 1028 549 1092 auctoritate
572 1027 766 1092 sumendum.
810 1045 874 1109 qua
897 1044 967 1092 cum
990 1045 1023 1090 re
1045 1024 1200 1104 concinit,
1222 1027 1306 1108 quod
1329 1027 1425 1092 inter

235 1135 427 1218 principales
449 1137 578 1221 Didymi
609 1138 712 1204 fontes
733 1135 919 1204 referendus
942 1135 1068 1200 videtur
1099 1153 1167 1200 esse
1184 1137 1222 1218 ¹).
1267 1143 1365 1220 atquc
1389 1140 1424 1202 is

235 1247 326 1312 varia
356 1248 515 1314 Ammonii
543 1249 663 1330 scripta
693 1248 794 1314 affert.
838 1265 972 1330 quorum
999 1249 1134 1331 primum
1169 1245 1293 1314 nomino
1327 1249 1421 1328 quod

236 1355 316 1421 citat
338 1359 380 1422 ad
402 1363 436 1422 K
458 1360 537 1426 397:
568 1358 645 1447 περὶ
675 1357 733 1424 τοῦ
763 1356 807 1446 μὴ
827 1355 986 1442 γεγονέναι
1016 1353 1170 1436 πλείονας
1191 1352 1337 1433 ἐκδόσεις
1359 1361 1423 1444 τῆς

231 1457 476 1554 Ἀρισταρχιίοα
507 1466 716 1556 διορθώσεως
743 1475 912 1552 propterea
940 1471 1023 1551 qnod
1045 1470 1250 1551 gravissimus
1272 1468 1420 1533 virorum
1463 1467 1464 1494 *

236 1577 398 1644 doctorum
427 1581 525 1646 movit
554 1582 778 1647 dubitationes.
830 1585 926 1663 atque
956 1599 1014 1662 ego
1048 1580 1175 1661 quidem
1214 1580 1274 1646 hoc
1303 1579 1419 1644 statim

236 1689 356 1770 dicam,
387 1690 427 1756 ab
450 1691 575 1757 Lehrsii
597 1693 755 1757 sententia
776 1689 830 1756 illa
851 1690 917 1756 fere
940 1691 1083 1756 omnibus
1105 1691 1330 1772 comprobata,
1351 1707 1421 1770 qua

236 1802 300 1864 τῶν
321 1795 379 1866 δύο
401 1803 523 1868 censuit
538 1803 748 1884 supplendum
766 1802 828 1882 (De
841 1801 1019 1866 Aristarchi
1034 1803 1150 1868 studiis
1168 1802 1286 1870 homer.
1302 1822 1332 1884 p.
1349 1804 1421 1884 27),

235 1929 275 1974 nc
297 1929 379 1976 nunc
408 1913 534 1994 quidem
565 1923 639 1994 post
668 1933 706 1978 ea
735 1912 1033 1995 quaestinem,
1065 1913 1105 1978 H.
1128 1914 1162 1979 T.
1185 1934 1216 1996 p.
1239 1915 1280 1981 68
1303 1921 1420 1979 contra

236 2039 305 2085 cam
329 2021 522 2102 disputavit,
553 2025 763 2090 recedendum
796 2041 845 2086 me
867 2027 990 2104 putare.
1034 2033 1150 2106 stage
1172 2043 1254 2108 quae
1284 2025 1418 2090 disserit

236 2131 290 2196 ille
312 2151 340 2198 v,
364 2133 394 2197 d.
425 2132 531 2214 paullo
560 2135 739 2200 accuratius
772 2134 995 2200 examinemus.
1040 2135 1206 2202 Lehrsium
1240 2133 1339 2216 igitur
1360 2135 1418 2200 iile

236 2261 351 2324 eosque
373 2245 521 2326 quicum
548 2246 649 2311 secuti
671 2250 763 2326 sunt,
778 2227 960 2326 'neglexisse
982 2246 1030 2310 ait
1051 2264 1198 2328 magnum
1222 2247 1306 2327 quod
1328 2247 1413 2311 inter

237 2349 366 2432 όκδοσις
396 2362 429 2422 et
451 2353 631 2441 διόρθωσις
652 2375 745 2422 voces
775 2357 817 2420 sit
847 2356 1025 2422 discrimen.
1069 2353 1215 2432 ἐκδόσεις
1237 2357 1320 2422 enim
1343 2375 1413 2422 csse

237 2466 451 2548 ‘abschriitem
474 2468 671 2551 exemplare’,
702 2487 738 2532 ac
760 2474 926 2548 praeterea
949 2473 1073 2532 veteres
1095 2469 1251 2535 editiones
1272 2471 1412 2534 nondum

236 2596 256 2642 a
279 2579 495 2658 grammaticis
517 2580 687 2646 recensitas
718 2580 782 2643 ista
803 2595 879 2642 voce
901 2577 1090 2659 significari3
1122 2597 1193 2644 cum
1217 2575 1414 2663 διορθώσεις

236 2689 300 2753 sint
322 2690 546 2754 recensiones.
580 2708 617 2754 ac
631 2709 726 2772 porro
750 2689 924 2756 locutiones
945 2683 1198 2776 ἧἌρισιόρχου
1221 2686 1412 2773 διόρθωσις,

237 2792 335 2886 ὴἉ.,
365 2801 415 2866 nel
437 2795 458 2886 ἡ
479 2795 615 2886 ἑτέρω)
647 2804 711 2866 τῶν
729 2793 780 2866 Ἀ.
825 2801 944 2867 acriter
967 2799 1117 2867 discernit
1138 2801 1179 2866 ab
1203 2801 1414 2868 usitatissima

238 2905 272 2974 oi
291 2903 352 2991 Ἀ,
375 2929 469 2993 quam
494 2913 555 2978 sibi
577 2913 658 2980 velle
680 2907 714 2976 ni
733 2905 784 2977 Ἀ.
808 2907 954 2988 ἐκδόσεις
987 2912 1036 2978 vel
1058 2913 1165 2992 potius
1189 2907 1335 2988 ἐκδόσεις
1356 2911 1414 2998 τῆς

233 3015 284 3086 'A.
308 3016 525 3108 διορθώσεως.
569 3042 650 3105 qnae
677 3026 782 3089 omnia
803 3024 951 3089 subtilius
974 3023 1051 3087 mihi
1075 3041 1169 3104 qnam
1192 3025 1298 3091 verius
1321 3023 1358 3087 V.
1382 3025 1412 3088 d.

237 3134 366 3200 videtur
396 3134 592 3201 disseruisse.
637 3133 786 3200 differunt
815 3153 888 3200 sane
920 3129 1103 3219 διόρθωσις
1124 3144 1157 3200 et
1179 3131 1308 3211 ἔκδυσις
1330 3133 1413 3200 iuter

236 3264 305 3310 sese
326 3265 373 3328 eo,
396 3247 481 3328 quod
503 3245 558 3311 iiia
580 3254 630 3311 est
650 3247 800 3324 recensio,
824 3246 901 3311 haec
925 3247 1039 3310 editio:
1074 3265 1182 3312 verum
1198 3267 1258 3312 non
1281 3265 1318 3312 eo
1340 3267 1412 3328 pro-

236 3358 348 3423 cedere
370 3356 507 3423 debebat
521 3358 558 3421 V.
581 3357 621 3436 d.‚
643 3363 680 3422 ut
702 3358 783 3424 hanc
802 3375 908 3422 vocem
931 3357 1119 3439 simplicitur
1140 3359 1212 3439 pari
1226 3375 1295 3423 esse
1318 3377 1411 3423 sensu
1465 3357 1466 3360 ’

243 3471 441 3480 ...Qu-*-

327 3531 354 3608 1)
377 3531 443 3602 „cui
472 3531 535 3607 ipse
565 3530 710 3608 Didymus
739 3551 800 3588 non
830 3538 945 3590 tautum
976 3531 1063 3588 fidem
1094 3532 1216 3604 habuit,
1249 3531 1300 3589 scd
1324 3531 1411 3589 ctiam

236 3653 307 3711 prae
339 3634 405 3692 aliis
434 3634 522 3692 iidem
552 3634 651 3690 deberi
683 3632 889 3706 significavit“‚
920 3632 1023 3704 Lehrs,
1053 3633 1146 3692 Arist.
1179 3653 1207 3710 p.
1231 3634 1279 3692 27.
1312 3635 1347 3692 of.
1369 3635 1410 3692 M.

236 3736 377 3795 Schmidt.
422 3735 490 3794 Did.
514 3740 584 3794 293.

324 3839 355 3916 2)
379 3841 452 3899 haec
483 3858 541 3897 non
577 3857 698 3915 prorsus
721 3836 879 3915 (siquidem
911 3835 1024 3915 aliquid
1048 3838 1142 3896 codici
1167 3839 1201 3896 V.
1225 3838 1409 3897 concedimus

238 3942 437 4019 auctoritatis)
467 3941 571 4000 ‘altera
600 3962 622 3998 s.
658 3939 786 3998 secunda
815 3934 959 3998 recensio'
992 3945 1044 4013 est,
1077 3942 1128 4000 aad
1150 3947 1266 4000 tantum
1297 3945 1364 3998 ‘una
1393 3962 1408 3998 e

237 4045 351 4102 duabus
381 4039 627 4104 recensionibus’:
659 4045 695 4100 cf.
727 4042 819 4101 schol.
848 4043 878 4098 Σ
902 4047 959 4098 182
983 4034 1068 4117 -ἡ
1096 4039 1178 4120 ἑτέρα
1207 4044 1265 4100 τόν
1290 4036 1334 4101 Ἀ.
1362 4035 1410 4099 διδ

236 4131 325 4206 rod}
344 4180 395 4218 —‚
419 4139 532 4220 μήποτε
554 4138 579 4203 δ’
601 4138 730 4220 ἀμείνων
759 4135 780 4219 ἦ
802 4141 939 4220 προτέρα,
968 4165 1034 4205 cum
1065 4146 1157 4206 schol.
1180 4147 1206 4202 V
1235 4146 1272 4203 ad
1297 4144 1331 4200 11
1350 4151 1407 4202 613

237 4246 268 4309 ἐν
295 4251 332 4332 τῇ
353 4245 436 4331 intpp
463 4249 520 4307 τῶν
538 4242 583 4306 Ἀ.
601 4241 664 4305 ὀὐκ
687 4243 806 4324 ἐφέρετο
830 4241 988 4318 καθάπαξ·
1021 4245 1052 4304 ἐν
1083 4243 1114 4306 δὲ
1143 4249 1178 4330 τῇ
1202 4243 1324 4328 δευτέρᾳ
1346 4240 1405 4321 dde-

236 4344 286 4421 δός
309 4353 417 4430 (Lehrs
442 4352 531 4412 Arist.
554 4372 582 4430 p.
607 4349 680 4425 362)
704 4341 785 4430 αὐτῷ
806 4346 970 4428 παρέκειτο.
