2962 4812
563 198 775 264 ..9-

69 368 183 434 vellet
224 387 293 434 cum
323 387 351 432 v.
380 360 576 455 ἀντίγραφον
605 389 630 435 s.
661 361 862 455 όντόχραφον.
916 388 1017 451 neque
1048 371 1131 435 enim
1161 370 1256 436 schol.

69 483 107 545 Δ
133 481 157 544 3
181 477 215 543 έν
237 477 348 564 μέντοι
362 483 435 555 ταῖς
458 475 605 546 έκδόσεσι
619 475 718 566 χωρὶς
732 482 788 546 τοῦ
809 475 976 568 ῦεόραμεν
991 500 1060 546 curn
1076 483 1124 546 La
1138 483 1257 548 Rochio

67 591 299 674 Pluygersium
331 598 440 658 secuto
468 609 525 674 pro
555 591 743 659 recensionis
773 592 996 658 Aristarcheae
1021 593 1255 675 exemplaribus

69 704 163 768 istas
178 697 325 778 ἐκδόσεις
339 703 523 784 acceperim,
547 704 603 768 sed
624 703 856 785 qualescunque
873 705 1027 769 editiones
1042 705 1258 783 indicaverim,

70 811 246 894 oppositas
275 807 484 898 ὑπομνήμασι
508 832 589 894 quae
619 818 713 878 antea
744 814 831 880 dicta
859 820 949 880 sunt:
979 816 1100 897 quain
1134 835 1168 880 rc
1197 835 1257 880 non

71 925 162 989 adeo
184 923 323 988 oflendor
355 915 492 1008 εόραμεν
513 924 585 1002 111ο,
617 925 702 1007 quod
730 943 806 991 cave
827 926 921 991 nimis
951 945 1082 1007 urgeas3
1113 925 1260 992 similiter

71 1035 164 1099 enim
189 1035 347 1118 Didymus
369 1055 395 1100 e.
418 1054 447 1116 g.
469 1035 512 1098 ad
536 1038 567 1098 Β
591 1035 648 1098 131
675 1031 708 1098 έν
737 1034 778 1122 τῇ
802 1030 896 1121 ἑτέρᾳ
925 1039 989 1100 τῶν
1007 1029 1259 1124 Ἀρισταρχείων

73 1139 215 1230 εὕρομεν
242 1140 375 1225 ἔνεισιν,
406 1164 598 1229 quamquam
626 1145 712 1227 ipsas
743 1147 822 1212 duas
854 1149 1033 1216 Aristarchi
1061 1150 1259 1214 recensiones

74 1256 126 1320 illi
151 1275 212 1320 non
236 1261 328 1324 notas
351 1255 449 1322 fuisse
465 1258 536 1339 quis
558 1255 769 1324 initiabitur?
790 1260 876 1341 qnod
891 1265 996 1324 autem
1012 1259 1147 1340 legimus
1161 1259 1258 1325 schol.

75 1368 120 1432 H
141 1367 203 1433 130
232 1363 266 1430 ἒν
295 1365 634 1451 ταῖ’ς,έξητασμέναις
652 1361 876 1455 Ἀριστάρχου,
899 1371 963 1434 iam
985 1370 1137 1435 Lchrsius
1159 1371 1255 1434 corri-

77 1499 158 1560 gere
190 1478 288 1544 voluit
312 1480 381 1560 (Ar.
404 1500 434 1561 p.
458 1480 514 1560 26)
538 1476 571 1542 έν
602 1482 672 1556 τοῖς
703 1477 931 1565 έξητασμένσις
961 1499 1002 1548 sc.
1034 1474 1256 1568 διιομνήμασις

77 1590 119 1656 cf.
144 1587 185 1654 τά
208 1585 280 1654 λίαν
302 1587 580 1676 ἐπιτετηδευμένα,
603 1588 644 1654 τά
666 1583 870 1676 ἠκριβωμένα
891 1587 947 1656 ὑπ.
970 1629 1011 1637 -
1033 1611 1128 1674 porro
1150 1600 1256 1680 autem

78 1720 154 1768 cum
176 1702 317 1766 diversas
339 1703 420 1768 istas
442 1721 534 1770 voces
556 1705 602 1767 ita
624 1704 820 1768 inveniamus
842 1709 1021 1785 usurpatas,
1044 1709 1080 1767 ut
1102 1703 1257 1768 editiones

77 1819 155 1878 ante
177 1812 353 1878 adhibitam
377 1817 477 1878 artem
500 1814 641 1880 criticam
664 1813 766 1880 iactas
791 1815 912 1879 nonnisi
935 1810 1079 1890 ἐκδόσεις
1094 1813 1255 1895 appellen-

80 1931 152 2005 tur,
174 1943 235 1990 non
259 1924 368 1990 statim
391 1930 498 1988 tamen
520 1925 567 1990 sic
588 1943 640 1988 res
662 1943 695 1988 se
717 1924 832 2002 habet,
865 1931 902 1989 ut
923 1927 1052 1992 criticae
1074 1923 1257 2006 grammati-

80 2053 190 2100 corum
230 2035 386 2101 editiones
423 2053 656 2117 nonnumquam
696 2053 795 2117 aeque
825 2031 970 2112 ἐκδόσεις
1004 2056 1062 2102 non
1093 2034 1257 2118 potuerint

80 2146 155 2210 dici.
199 2165 238 2210 an
262 2152 297 2210 tu
319 2143 415 2210 schol.
440 2149 469 2208 Β
491 2147 551 2210 221
576 2139 636 2210 κάν
658 2148 732 2222 ταῖς
749 2138 965 2231 Ἀριστάρχου
995 2142 1145 2212 έκδόσεσι
1167 2145 1256 2210 aliud

80 2257 212 2340 putabis
241 2255 454 2340 significatum
487 2263 583 2338 atque
613 2257 697 2338 quod
720 2253 914 2342 διορθώσεις
943 2259 1039 2324 schol.
1061 2263 1101 2321 A
1130 2259 1193 2323 522
1226 2263 1257 2320 et

83 2373 114 2433 B
141 2369 226 2434 192?
248 2387 306 2449 ego
329 2373 414 2434 certe
444 2385 513 2432 cum
537 2369 696 2435 Becoardo
720 2367 764 2450 (p.
787 2367 827 2433 51
850 2391 881 2434 n.
905 2368 958 2452 16)
981 2369 1025 2436 ibi
1048 2369 1093 2434 nil
1115 2369 1176 2434 nisi
1199 2369 1257 2432 mi-

80 2499 140 2546 nus
162 2485 341 2546 accuratam
365 2479 534 2575 dictionem
556 2497 700 2560 agnosco,
725 2497 825 2559 neque
847 2497 915 2546 eam
939 2482 1045 2558 miror,
1069 2499 1141 2546 nam
1164 2474 1255 2565 διόρ-

81 2595 190 2666 θωσις
212 2610 314 2656 nonne
335 2590 431 2654 simul
454 2595 504 2653 ost
527 2583 683 2664 έτδοσιςῖ)
714 2609 770 2655 nec
793 2591 892 2655 multo
914 2591 1008 2656 aliter
1030 2611 1081 2658 res
1102 2611 1137 2657 se
1159 2591 1256 2656 hahet

83 2702 193 2766 multis
225 2701 287 2766 illis
314 2701 409 2774 locis,
444 2701 497 2766 nbi
527 2701 615 2766 iuxta
646 2699 823 2765 invenimus
846 2702 964 2766 dictum
988 2696 1021 2766 αὶ
1039 2695 1256 2788 Ἀριστάρχου

83 2814 121 2896 (s
140 2807 394 2896 Ἀριστάρχειοι)
426 2816 459 2876 et
489 2805 710 2898 λχΖηνσδότου
731 2819 764 2878 et
786 2807 805 2898 tp
830 2805 1089 2898 Ἀριστοφάνους
1112 2831 1256 2894 -quae

82 2929 158 2990 sunt
180 2917 376 3008 διορθώσεις
390 2960 441 2999 -,
464 2929 496 2985 et
518 2917 537 3008 ἡ
559 2919 821 3010 Μασσολιωτιτή
843 2930 876 2988 et
891 2924 992 2989 simm.
1015 2963 1057 2971 -
1079 2929 1257 3005 quaesunt

83 3028 237 3110 ἐκδόσεις.
267 3033 305 3100 cf.
334 3033 430 3098 schol.
453 3039 484 3098 Β
505 3034 556 3098 52.
581 3037 641 3101 196
663 3027 749 3115 εἶχον
781 3033 818 3099 δέ
847 3033 903 3099 καὶ
923 3033 1133 3119 χαριέσταται
1156 3029 1256 3110 οὕτως

84 3141 158 3210 diaeo
178 3146 235 3228 τός
257 3140 446 3230 Ζιχνοδότον.
472 3146 531 3210 192
562 3148 591 3209 E
610 3149 681 3212 881.
706 3153 735 3211 Ι·
754 3146 792 3212 51
818 3153 877 3213 etc.
900 3159 995 3211 -et
1022 3146 1098 3229 quid
1121 3147 1256 3228 denique

84 3250 118 3320 oi
135 3248 373 3340 Ἀριστόρχονλ
402 3256 461 3320 has
490 3273 559 3322 esse
590 3257 781 3323 recensionis
813 3257 1036 3322 Aristarcheae
1064 3255 1256 3338 exemplaria

84 3372 179 3449 atque
201 3387 255 3447 aa,
286 3367 369 3430 unde
392 3367 547 3448 Didymus
577 3367 736 3448 hauserit,
767 3368 814 3430 La
836 3367 941 3432 Roche
964 3365 997 3448 (l.
1020 3367 1040 3430 l.
1064 3367 1102 3432 cf.
1125 3386 1155 3447 p.
1181 3367 1255 3448 104)

84 3477 160 3542 mihi
181 3495 241 3540 non
257 3478 423 3558 persuasit.
466 3478 604 3559 primum
625 3478 806 3555 suintillae,
829 3476 984 3558 quidquid
998 3476 1095 3558 fuere,
1119 3477 1255 3572 Didymo

85 3588 211 3653 minime
238 3593 366 3668 praesto
397 3587 534 3653 fuerunt.
578 3590 661 3671 quod
694 3588 771 3652 mihi
805 3594 892 3654 certo
914 3588 1015 3652 evinci
1039 3586 1164 3652 videtur
1186 3607 1256 3653 vcr-

85 3701 193 3764 borum
223 3697 418 3779 temporibus
446 3699 632 3780 plerumque
660 3700 831 3780 usurpatis.
875 3697 947 3763 vide
978 3699 1021 3763 sis
1044 3700 1136 3762 modo
1158 3698 1254 3763 schol.

88 3815 120 3874 K
141 3809 200 3874 397
225 3805 259 3871 ἐν
280 3811 354 3884 ταῖς
374 3801 424 3871 Ἀ.
448 3805 637 3894 ἐγέγραπτο.
659 3814 698 3872 A
719 3809 781 3873 447
812 3801 897 3888 εἶχον
919 3803 953 3872 αἱ
972 3800 1033 3887 Ἀ,
1056 3809 1133 3875 item
1156 3814 1185 3872 Γ
1202 3811 1253 3875 57.

91 3922 157 3986 126.
185 3923 220 3982 Η
243 3921 314 3983 198.
342 3920 366 3983 Ι
392 3921 441 3986 73.
476 3927 506 3985 Φ
528 3923 600 3988 573.
623 3959 664 3968 -
687 3915 876 4007 διήλλαττον
905 3913 938 3982 αἱ
964 3912 1015 3983 Ἀ.
1045 3919 1077 3989 Ξ
1101 3920 1152 3984 67.
1181 3921 1255 3986 427.

88 4034 132 4116 (Β
151 4031 209 4095 192
231 4023 292 4094 κάν
313 4035 387 4107 ταῖς
410 4028 607 4118 διορθώσεσι
621 4069 663 4078 -
678 4029 870 4118 ἐγέγραπτο)
895 4035 925 4094 Β
946 4032 1006 4096 221
1030 4024 1090 4094 κάν
1110 4032 1185 4106 ταῖς
1203 4024 1254 4096 Ἀ.

89 4136 231 4206 ένδόσεσι
245 4178 286 4186 -
298 4131 370 4220 εἶχε.
386 4160 462 4223 ergo
476 4138 510 4207 oi
522 4136 736 4227 Ἀριστάρχου
752 4161 811 4206 non
827 4142 914 4223 ipsae
930 4141 1064 4224 Didymo
1079 4147 1171 4206 notae
1188 4141 1254 4208 fue-

89 4261 172 4332 runt,
201 4253 257 4318 sed
286 4271 343 4332 per
365 4254 544 4318 Aristarchi
575 4253 747 4333 discipulos
769 4272 824 4318 nec
847 4270 907 4316 non
930 4271 988 4332 per
1010 4253 1076 4318 eius
1098 4272 1254 4318 commen-

88 4365 181 4430 tarios
212 4363 259 4428 illi
283 4364 498 4430 innotuerunt.
540 4366 597 4428 sed
619 4363 694 4428 illae
724 4364 801 4443 quid
833 4365 961 4429 tandem
992 4363 1052 4428 sibi
1074 4363 1188 4443 velint,
1220 4369 1254 4428 ut
