2962 4812
548 215 760 282 -5·=-.

54 384 251 450 Aristotelis
282 385 430 468 discipuli
460 389 723 450 autumaverunt:
758 386 887 468 Osanni,
917 386 1067 468 Beitrtge
1090 405 1148 450 zur
1168 393 1246 450 rom.

54 515 89 560 u.
115 514 166 577 gr.
190 495 238 560 lit.
260 497 292 560 II
314 516 343 578 p.
369 496 438 576 118,
470 501 543 578 post
572 497 603 561 ln
627 499 744 564 Anecd.
768 499 856 563 Rom.
887 517 919 578 p.
942 497 1015 576 280,
1046 497 1168 578 Fuhrii,
1191 497 1246 561 Di-

56 604 214 672 caearchi
236 604 381 687 fragmm.
403 626 434 688 p.
458 607 508 689 60,
536 607 570 673 O.
593 607 739 673 Muelleri
761 609 859 674 FHG.
883 609 915 672 II
937 627 967 689 p.
990 608 1061 672 245.
1086 609 1158 675 246.
1182 629 1246 674 rem

56 718 92 782 in
119 717 227 783 medio
249 717 403 800 relinquit
425 718 686 800 Sengebuschius,
719 719 813 785 Hom.
836 720 911 785 diss.
934 739 981 801 pr.
1004 740 1034 802 p.
1058 721 1108 784 84.
1131 721 1181 787 85.
1204 757 1247 766 -

152 829 209 894 scd
233 846 314 894 nunc
336 829 377 894 ad
399 829 522 910 ipsum,
553 830 637 912 quod
666 848 735 894 sum
763 831 940 912 pollicitus,
971 832 1174 896 tractandum
1197 850 1246 896 me

61 941 216 1022 accingo,
250 947 287 1006 ut
309 939 489 1006 Aristarchi
521 940 748 1022 dlacipulorum
771 959 865 1022 quam
889 941 1165 1007 accuratissImum
1187 961 1245 1022 pro

59 1050 188 1117 viribus
210 1052 329 1132 possim
353 1050 518 1118 exhibeam
540 1071 711 1118 recensum.
749 1072 840 1135 quem
864 1052 910 1118 sic
932 1053 1101 1118 instituere
1115 1052 1246 1133 placuit,

59 1170 99 1226 ut
116 1161 255 1243 primum
267 1181 329 1240 eos,
345 1179 422 1244 quos
436 1163 551 1229 Suidas
565 1164 597 1229 in
613 1164 677 1229 ista
690 1163 860 1244 disciplina
875 1164 997 1242 laudat,
1013 1181 1239 1242 enumerarem,

59 1272 136 1337 dein
160 1291 239 1354 quos
262 1272 317 1338 alii
340 1273 522 1355 scriptores,
555 1281 622 1338 tum
646 1275 686 1338 de
707 1274 758 1340 his
780 1293 918 1356 agerem,
942 1291 1020 1356 quos
1043 1273 1093 1338 vel
1116 1279 1244 1340 nostrae

59 1383 183 1449 aetatis
214 1384 274 1449 viri
305 1384 392 1450 docti
415 1382 477 1449 illis
505 1385 718 1450 adiunxerant
747 1385 797 1450 vel
828 1386 898 1466 ipsa
929 1384 1024 1449 certis
1056 1386 1096 1450 de
1124 1386 1246 1451 caussis

59 1495 124 1559 huc
155 1495 223 1559 iure
254 1494 372 1560 referre
404 1513 497 1576 posse
528 1496 606 1560 mihi
629 1495 764 1560 viderer.
810 1501 950 1562 ceterum
972 1515 1085 1578 parum
1109 1495 1245 1563 fortasse

64 1605 246 1688 aequaliter
268 1607 295 1672 si
319 1607 369 1672 cui
391 1606 533 1688 singulas
556 1606 650 1672 huius
673 1606 811 1672 tirocinii
833 1613 944 1687 partes
966 1607 1135 1687 perfecisse
1157 1608 1245 1673 vidc-

61 1719 138 1798 bor,
167 1716 262 1784 facile
293 1717 386 1782 huius
420 1718 466 1782 rei
498 1736 592 1799 spero
617 1717 743 1782 veniam
774 1718 861 1798 apud
890 1717 1040 1782 lectorem
1063 1738 1113 1783 me
1136 1719 1246 1782 obten-

61 1837 185 1894 turum:
216 1833 312 1909 prout
342 1827 423 1893 enim
455 1828 494 1893 ab
528 1829 573 1893 eis
603 1828 681 1892 viris
714 1829 816 1893 doctis
847 1829 901 1910 qui
933 1830 965 1894 in
995 1829 1054 1896 hcc
1076 1830 1244 1894 literarum

63 1957 164 2020 genus
195 1939 300 2005 adhuc
330 1939 580 2020 inquisiverunt,
614 1939 686 2020 plns
716 1939 858 2004 minusve
890 1941 1011 2006 dictum
1041 1941 1081 2006 de
1112 1939 1245 2020 singulis

63 2050 205 2115 videram
237 2055 270 2116 et
300 2048 372 2115 aliis
402 2049 481 2115 alios
510 2050 656 2132 pluribus
680 2051 791 2131 dignos
814 2051 921 2118 uerbis
943 2051 1124 2132 censebam,
1155 2051 1245 2115 varia

63 2161 95 2226 in
118 2162 223 2226 varlas
246 2180 375 2243 operam
397 2161 599 2243 spatiumque
621 2163 771 2242 impendi.

427 2593 458 2664 Ι.
500 2593 708 2684 Dionysius
735 2592 874 2663 Thrax.

149 2759 264 2826 Suidas
286 2762 311 2842 Ι,
336 2762 427 2841 1393,
452 2761 491 2828 11
515 2761 648 2826 Bernh.:
679 2754 854 2834 Διονύσιος
872 2750 1122 2842 Ἀλεξανδρεύς,
1149 2760 1241 2846 Θρᾷξ

65 2869 102 2936 δὲ
129 2863 197 2935 ἀπὸ
226 2873 282 2935 τοῦ
311 2871 439 2955 πατρὸς
465 2867 569 2958 Τήρου
595 2873 696 2958 Τῆρος
729 2864 810 2950 (ἀπὸ
841 2871 898 2954 τῆς
929 2865 1091 2955 πατρίδος
1116 2877 1147 2934 Τ
1144 2867 1241 2958 ρήροο

66 2977 174 3068 [Τρήρ]
197 2982 407 3063 probabiliter
438 3003 517 3048 corr.
540 2983 583 3046 M.
607 2982 765 3063 Schmidt)
795 2976 937 3064 τοῦνομα
969 2979 1118 3068 κληθείς,
1144 2975 1238 3067 Ἀρι-

66 3088 202 3177 οτάρχοο
240 3087 408 3180 μαθητής,
449 3089 684 3177 γραμματικός.
728 3085 764 3168 ὃς
805 3089 1034 3178 ἐσοφίστευσεν
1069 3091 1102 3158 ἐν
1137 3088 1241 3179 ‘Po'pp

66 3199 175 3289 (Ῥόδῳ
198 3205 339 3284 Reimea.)
383 3201 442 3270 ἐπὶ
465 3203 663 3290 Πομπηΐου,
687 3201 743 3268 καὶ
765 3198 943 3288 ἐξηγήσατο
970 3200 1164 3290 Τυραννίωνα
1195 3203 1241 3290 τῷ

68 3313 224 3400 προτέρῳ.
268 3311 420 3396 συνέταξε
451 3313 488 3378 δὲ
519 3315 662 3380 πλεῖστα
691 3311 900 3401 γραμματικά
922 3339 956 3379 τε
979 3315 1035 3380 καὶ
1057 3336 1240 3399 συνταγμα-

48 3424 140 3490 -τικά
170 3423 226 3490 καὶ
255 3419 482 3511 ὑπομνήματα.
526 3428 565 3492 de
594 3428 652 3492 hoc
674 3433 747 3508 post
773 3446 811 3491 ea
834 3447 915 3510 quae
938 3427 1151 3510 copiosissime
1175 3428 1240 3492 dis-

67 3538 189 3618 putavit
211 3537 253 3600 Μ.
277 3537 422 3603 Schmidt
442 3539 475 3604 in
499 3538 611 3602 Philol.
635 3538 707 3617 VII,
729 3558 758 3619 p.
772 3538 836 3604 360
857 3557 923 3621 sqq.
945 3539 1020 3604 VIII
1042 3559 1072 3620 p.
1088 3539 1148 3604 231
1170 3555 1239 3621 sqq.

67 3651 127 3716 510
142 3668 208 3732 sqq.
231 3649 328 3716 verba
352 3668 410 3730 ego
425 3648 531 3715 facere
544 3648 637 3715 facile
660 3651 865 3731 supersedere
882 3668 1019 3729 possum.
1042 3686 1083 3694 -
1107 3651 1146 3714 de
1166 3668 1239 3712 nar-

70 3760 244 3825 ratiuncula
265 3759 321 3824 illa
343 3777 437 3840 quam
460 3759 697 3825 exhibetschol.
713 3761 842 3842 Dionys.
865 3763 950 3841 apud
965 3761 1098 3826 Bekker.
1121 3760 1240 3824 Anecd.

68 3872 109 3950 Il,
130 3869 200 3951 672,
222 3871 265 3936 25
287 3870 447 3936 dubitavit
469 3870 645 3936 Urlichsius
676 3871 708 3934 in
731 3871 812 3936 Mus.
834 3871 934 3936 Rhen.
959 3869 1039 3938 1857
1069 3891 1100 3952 p.
1122 3871 1195 3934 444.

326 4095 377 4167 11
419 4096 644 4168 Ammonius
678 4095 978 4167 Alexandrinus.

155 4263 339 4328 Ammonius
362 4263 519 4345 inprime
547 4265 672 4344 agmine
696 4263 872 4328 Aristarchi
896 4261 1119 4342 discipulorum
1141 4264 1240 4328 nomi-

72 4375 191 4441 nandus
208 4378 267 4454 est,
290 4391 361 4438 cum
375 4375 592 4454 praeceptoris
612 4375 644 4438 in
659 4373 767 4439 schola
788 4373 887 4440 fuisse
904 4392 1065 4442 successor
1082 4376 1238 4439 tradatur.
