2962 4812
602 153 813 219 ..55-

99 325 197 410 Equ.
220 327 274 410 22,
294 327 330 392 hi
352 332 435 408 tres,
464 345 536 394 cum
558 325 601 394 ad
623 343 674 391 res
695 324 879 408 prosodiocs
900 319 1100 404 pertineant,
1121 318 1252 402 Dyscoli
1266 320 1295 400 ¹)

3 489 5 520 ,
100 437 267 504 videntur
288 455 357 503 esse
370 439 411 520 ²).

609 585 812 594 m

204 725 232 795 l)
255 721 346 782 schol.
368 723 444 803 Equ.
468 729 508 781 22
532 722 621 783 etiam
644 721 838 798 Apollonium
868 720 954 780 iuxta
975 717 1179 778 Herodianum
1201 716 1295 774 habes

101 825 315 886 nominatum:
344 860 386 870 -
409 818 482 902 ὅπερ
515 817 534 884 ὅ
563 821 616 900 μὲν
634 799 834 892 ’Ᾱποὶλιόνιος
864 815 974 893 ὄξύνει,
1005 811 1023 879 o‘
1055 814 1086 880 111
1112 810 1295 898 Ἡρωδιανὸς

103 921 244 1006 βαρύνει.
268 959 309 970 -
337 929 374 990 cf.
396 928 567 990 Schneider.
589 950 618 1008 p.
644 934 701 988 89:
729 927 780 1000 „in
803 946 929 1008 quorum
951 925 1002 1002 [so.
1023 923 1158 982 locorum
1179 921 1231 980 uhi
1253 920 1294 980 ci-

102 1035 195 1090 tatur
222 1029 413 1108 Apollonius]
443 1051 504 1090 uno
531 1031 664 1092 alterove
687 1031 711 1089 si
735 1029 801 1110 quis
824 1029 860 1088 dc
883 1027 1012 1106 Dyscolo
1047 1025 1179 1101 cogitare
1210 1023 1293 1096 velit,

104 1152 172 1190 non
196 1151 377 1210 magnopere
399 1135 601 1209 refragator.“

200 1235 232 1311 2)
253 1234 302 1292 his
332 1237 369 1294 de
399 1236 560 1313 Apollonio
592 1235 681 1296 dictis
708 1253 805 1313 pauca
834 1235 1009 1292 subnectere
1037 1231 1112 1290 mihi
1141 1229 1231 1289 liceat
1257 1229 1293 1287 de
1414 1229 1423 1248 “

3 1399 5 1420 .
103 1337 327 1414 Apollonio
351 1339 558 1399 Chaeridis
580 1338 693 1413 filio,
725 1357 812 1418 quem
835 1337 867 1395 in
889 1337 948 1395 ista
969 1333 1170 1413 disputatione
1193 1331 1293 1404 tetigit

105 1442 143 1499 Ο.
161 1439 328 1499 Schneider
340 1462 368 1519 p.
387 1447 425 1500 89
448 1444 523 1502 haec
538 1442 665 1500 addens:
689 1461 779 1514 „num
801 1439 936 1500 diversus
958 1439 995 1496 ab
1017 1439 1075 1496 hoc
1097 1433 1153 1514 [sc.
1169 1433 1292 1512 Apollo·

3 1521 5 1592 i
104 1544 160 1602 nio
183 1541 227 1622 τῷ
252 1541 407 1621 Χαίριδος]
430 1545 457 1603 is
473 1544 521 1617 sit,
545 1544 595 1623 qui
611 1544 644 1602 in
660 1542 781 1604 scholiis
804 1545 955 1602 Ranerum
969 1538 1156 1619 potissimum
1172 1538 1290 1609 citatur,

105 1645 242 1705 dubito“.
284 1640 494 1726 (Ἀπολλώνιος
515 1638 543 1704 ‘o‘
567 1639 718 1724 Xcs'psdoc’
746 1663 821 1725 quae
842 1645 930 1704 unice
951 1642 1062 1719 legitur
1083 1639 1176 1703 schol.
1199 1641 1289 1717 Vesp.

107 1755 209 1822 1239,
239 1769 343 1811 veram
364 1748 495 1808 nominis
526 1769 591 1808 esse
616 1751 742 1810 formem
764 1748 878 1826 primus
900 1747 978 1808 vidit
1001 1744 1141 1816 Villoiso,
1172 1741 1289 1815 Proleg.

103 1853 143 1910 Il.
168 1853 288 1925 XXIX,
317 1853 353 1911 cf.
376 1851 456 1910 Prol.
479 1851 618 1930 Apollon.
651 1853 736 1930 soph.
758 1851 835 1923 XX;
865 1870 918 1928 pro
948 1867 984 1908 ea
1005 1840 1023 1906 o'
1047 1841 1181 1924 Χάριόος
1210 1845 1290 1918 lege·

3 1929 4 1996 i
107 1957 198 2014 hatur
230 1956 345 2014 duobus
365 1954 398 2013 11.
420 1954 575 2031 Apollonii
603 1954 673 2028 lex„
703 1955 776 2013 item
808 1953 900 2012 schol.
925 1953 953 2009 Γ
971 1957 1042 2024 448,
1073 1949 1125 2010 ubi
1157 1947 1290 2008 correxit

104 2059 257 2128 Oobetus3
279 2057 457 2117 deteriorem
480 2057 570 2116 etiem
586 2059 710 2134 praebet
731 2057 833 2116 neseio
855 2057 935 2115 unde
956 2056 1094 2113 haustam
1108 2052 1194 2113 Voss
1217 2049 1288 2108 hist.

105 2179 150 2233 gr.
175 2159 229 2236 IV,
252 2165 287 2220 3:
317 2193 378 2233 ,‚—-
399 2160 472 2218 item
493 2151 688 2229 Ἀπολλώνιος
711 2151 728 2218 ὅ
754 2159 921 2238 Χαίρωνος,
945 2158 1053 2218 citatus
1076 2152 1289 2232 Aristophanis

104 2263 286 2322 scholiastae
308 2263 341 2321 in
366 2263 518 2342 I’espas“.)
563 2270 810 2324 commemoretur
831 2263 882 2322 hic
905 2260 1080 2340 Apollonius
1102 2249 1120 2317 o‘
1145 2253 1290 2335 Xoipsdoc

104 2364 200 2423 schol.
224 2369 276 2427 Ar.
299 2366 388 2444 Vesp.
414 2371 503 2424 1239.
549 2366 640 2426 schol.
665 2367 694 2424 Γ
711 2371 782 2425 448.
829 2364 966 2444 Apollon.
988 2363 1047 2423 lex.
1071 2383 1093 2422 s.
1117 2381 1165 2422 vv.
1195 2352 1286 2435 φήνη.

95 2454 206 2534 Ὦπος.
251 2469 497 2528 commentorium
520 2489 588 2529 eum
615 2469 648 2528 in
670 2469 796 2528 Iliadem
827 2467 1028 2546 composuisse
1049 2469 1170 2544 praeter
1193 2462 1286 2522 schol.

102 2570 133 2626 Γ
153 2574 215 2628 448
238 2577 269 2630 et
290 2571 430 2647 Apollon.
454 2592 476 2630 s.
499 2592 528 2632 v.
552 2565 635 2647 φήνῃ
658 2571 822 2631 clarissime
844 2570 982 2648 inprimis
1005 2568 1102 2628 elucet
1123 2585 1162 2624 ex
1184 2566 1288 2624 eodem

101 2693 125 2732 s.
151 2657 312 2740 1.Ὦπος;
339 2666 539 2741 Ἀπολλώνιος
569 2665 587 2731 o‘
608 2675 662 2731 τοῦ
686 2671 833 2748 Χαίριδος
865 2670 1022 2752 γενόμενος
1051 2665 1100 2729 ἐπὶ
1135 2667 1204 2726 τοῦ·
1239 2667 1287 2744 [de

100 2775 164 2834 ista
185 2775 314 2834 formula
334 2797 363 2836 v.
387 2778 427 2836 M.
442 2777 595 2850 Schmidt,
618 2777 728 2836 Philol.
744 2776 823 2836 VIII
844 2795 873 2853 p.
897 2775 973 2855 248]
994 2762 1173 2850 Ἐὕρύκλει’,
1189 2757 1288 2838 Ὦπος

99 2869 251 2955 θυγάτηρ’
273 2875 348 2954 φησὶ
370 2876 427 2938 ssi.
451 2913 494 2924 -
515 2880 575 2940 iam
595 2879 680 2940 illum
702 2879 781 2960 quod
804 2870 822 2937 (i
846 2876 991 2953 Xuiptdoc
1012 2875 1104 2947 audit,
1126 2873 1184 2934 viri
1207 2871 1287 2932 docti

101 2979 242 3058 plerique
264 2981 406 3058 propensi
428 2983 551 3044 ruerunt
572 2984 610 3042 ad
625 2981 781 3043 Chaeridis
802 2981 866 3041 noti
888 2980 970 3040 illius
985 2976 1170 3054 grammatici
1191 2975 1287 3035 filium

101 3083 272 3142 ducendum
302 3085 342 3163 (v.
373 3091 492 3161 prester
515 3085 630 3147 Viliois.
657 3085 687 3144 11.
710 3086 741 3144 11.
772 3085 970 3164 (dracfenhcn.
1000 3088 1021 3142 t.
1049 3081 1083 3140 II
1109 3101 1138 3158 p.
1164 3083 1233 3138 118.
1256 3099 1285 3156 p.

102 3185 175 3263 49);
206 3205 384 3264 quemquem
406 3188 496 3246 telem
517 3187 700 3247 locutionem
721 3193 839 3248 constet
870 3163 1125 3262 etiamdcpatre
1147 3201 1286 3241 necnon

102 3289 142 3346 de
169 3287 315 3366 discipulo
345 3290 440 3368 accipi
466 3309 554 3367 posse
582 3299 622 3361 (v.
652 3291 824 3350 Schneider.
855 3291 875 3349 1.
897 3289 927 3361 1.,
960 3288 1010 3368 qui
1034 3286 1164 3348 conferri
1191 3285 1283 3360 iubet,

103 3409 182 3470 quae
199 3392 321 3452 uberius
343 3393 400 3452 hac
415 3394 451 3453 de
473 3415 506 3454 re
529 3393 694 3473 disputavit
716 3395 799 3453 Jons.
814 3392 934 3471 Scriptt.
958 3392 1027 3451 hist
1043 3390 1117 3470 phil.
1139 3391 1165 3463 Ι,
1189 3395 1218 3464 2,
1243 3392 1284 3468 5),

103 3499 137 3552 et
158 3494 216 3553 hoe
240 3495 462 3555 concedendum
477 3517 536 3556 non
559 3517 681 3575 prorsus
704 3497 740 3556 de
763 3503 834 3556 noto
856 3495 909 3555 illo
926 3495 1071 3556 cuserius
1093 3493 1285 3569 cogitandum

104 3615 171 3655 esse
193 3594 234 3672 (v.
258 3599 388 3658 Ahrens.
411 3599 512 3660 Bueol.
533 3619 577 3675 gr.
598 3599 662 3660 rell.
686 3601 727 3674 ΙΙ,
749 3599 884 3678 XXXI).
928 3597 978 3656 sed
1001 3597 1154 3656 tamenin
1175 3596 1228 3656 illo
1250 3600 1285 3656 ut

103 3699 327 3778 acquiescamus
348 3735 391 3744 —-
416 3702 536 3762 videtur
550 3703 630 3762 enim
643 3705 718 3764 haec
732 3701 917 3781 probabilior
930 3721 993 3761 esse
1008 3700 1086 3760 ratio
1102 3732 1152 3774 -,
1177 3700 1282 3760 hocin

103 3802 263 3862 manifesto
286 3808 332 3862 est
352 3803 396 3863 ita
417 3805 498 3864 hunc
519 3811 553 3866 ut
575 3806 737 3880 Chaeridis,
759 3811 794 3866 ut
814 3824 881 3865 mee
903 3804 1022 3884 quidem
1043 3805 1104 3864 fert
1125 3803 1283 3877 sententia,

104 3904 275 3964 Aristarchi
303 3906 457 3986 discipuli,
496 3915 548 3969 aut
579 3915 659 3969 certe
690 3909 864 3968 Aristarcho
893 3907 993 3986 paullo
1021 3907 1158 3980 serioris,
1187 3905 1283 3965 filium

105 4027 172 4066 oum
199 4007 268 4082 illo,
294 4007 359 4088 ipse
387 4011 438 4091 qui
467 4012 560 4072 fucrit
581 4011 749 4072 Aristarchi
777 4011 957 4089 discipulus,
989 4009 1132 4070 confundi
1160 4007 1282 4068 minime

104 4131 200 4189 posse.
246 4117 386 4186 ceterum,
410 4114 434 4173 si
457 4114 529 4195 quid
551 4115 631 4174 eliud
655 4115 796 4175 certiores
819 4116 854 4174 dc
877 4113 999 4176 homine
1021 4134 1076 4173 nos
1098 4114 1201 4186 faciat,
1224 4112 1283 4172 cir·

107 4215 371 4293 cumspieientibus
395 4217 519 4276 offertur
540 4219 632 4280 schol.
654 4223 705 4278 Ar.
730 4217 817 4294 Vesp.
844 4221 924 4274 1239
947 4216 1008 4276 iam
1030 4237 1119 4296 supro
1140 4217 1281 4280 allatumz

102 4310 255 4396 Ἀδμήτου
277 4311 376 4398 λόγον]
410 4315 461 4377 καὶ
489 4321 576 4379 τοῦτο
608 4313 683 4401 α’ρχή
712 4320 831 4379 azotice
852 4353 895 4364 —
920 4311 1077 4400 Ἡρόδικος
1099 4320 1282 4416 [‚,legehatur
