2962 4812
650 193 863 269 ..52-

250 369 291 440 ab
313 371 493 438 Aristarchi
514 371 661 454 partibus
692 375 780 438 stare
803 371 1004 454 Apollonium
1026 372 1090 437 duo
1111 373 1173 438 loci
1195 379 1352 454 arguunt,
1467 430 1475 436 .

166 483 221 550 ubi
243 483 341 550 etiem
362 488 452 550 arcte
473 483 640 548 coniuncta
662 502 770 550 eorum
800 483 927 548 nomina
949 484 1107 564 leguntur.
1150 489 1225 548 suut
1247 483 1351 549 schol.

165 596 245 660 Rau.
269 595 352 660 1124
383 590 419 675 έξ
438 586 619 682 Ὀρεστίας]
643 631 685 640 -
702 586 920 680 Ἀρίσταρχος
950 591 1007 659 καί
1024 585 1254 670 Ἀπολλώνιος
1275 617 1351 678 τρι-

165 701 279 790 λογίαν
301 703 439 790 λέγουσι,
461 703 561 790 χωρὶς
582 707 647 770 τῶν
669 708 857 793 σατυρικῶν,
886 713 919 772 et
943 705 1027 772 1270
1048 697 1169 770 κύδιστ’
1189 697 1351 790 Ἀχαιῶν]

158 808 376 904 Ἀρίσταρχος
408 814 464 881 καί
482 809 725 898 Ἀπολλώνιος,
758 813 996 904 ἐπισκέψασθε
1029 810 1138 881 πόθεν
1159 811 1226 882 εἶσί
1240 817 1280 900 1).
1304 853 1350 865 υ·
1470 884 1476 892 ,

162 932 315 1010 sequatur
347 930 433 1010 quod
466 930 580 994 summi
612 935 670 1010 est,
700 929 837 996 sirecte
862 928 992 1011 accipio,
1021 929 1063 993 sd
1086 929 1168 996 hauc
1189 947 1256 994 rem
1278 933 1350 994 sta·

161 1039 334 1106 biliendem
355 1039 524 1123 momenti,
556 1041 654 1107 schol.
677 1042 758 1108 Rau.
788 1039 868 1106 1437
899 1033 935 1104 εἴ
961 1061 1013 1116 τις
1035 1033 1211 1122 πτερώσας
1232 1033 1346 1104 Κλεό-

160 1172 272 1234 κριτον
298 1145 456 1236 Κινησίᾳ]
482 1188 522 1196 -
544 1143 660 1217 ἀθετεῖ
682 1150 719 1218 δὲ
748 1149 824 1229 τούς
853 1147 951 1216 πέντε
974 1147 1092 1237 ἐφεξῆς
1123 1145 1253 1230 στίχους
1283 1145 1350 1227 ἕως

161 1263 218 1326 τοῦ
240 1256 389 1346 (ῥαίνοιεν
418 1257 466 1340 εἰς
492 1260 533 1327 τοί
566 1259 718 1350 βλέφαρα
739 1265 804 1328 τιῖν
826 1253 995 1329 έναντίων’
1024 1253 1249 1348 Ἀρίσταρχος.
1293 1256 1350 1326 ὅτι

162 1367 396 1461 φορτικώτεροί
416 1368 480 1438 εἰσι
502 1371 559 1440 καί
580 1367 729 1456 εὐτελεῖς,
752 1373 808 1440 διὰ
822 1376 917 1440 τοῦτο
937 1367 1188 1440 ὑποπτεύονται.
1215 1365 1348 1438 Ἀπολ-

160 1478 276 1561 λοίνιος
297 1481 335 1550 δὲ
357 1477 393 1550 οὗ
416 1483 472 1549 διὰ
494 1487 605 1568 τοῦτο,
636 1478 704 1551 ἀλλ’
729 1481 781 1551 ὅτι
803 1477 839 1552 οὗ
862 1482 949 1572 πρὸς
970 1481 1026 1572 τὴν
1046 1479 1212 1550 ὑπόθεσιν
1234 1477 1349 1564 ἔχουσί

159 1617 202 1660 τι.
256 1591 417 1682 ἐρομένων
456 1593 494 1662 δέ
533 1589 637 1661 αὐτῶν
668 1591 818 1685 ἑκάτερος
851 1593 931 1682 μίαν
961 1589 1091 1682 χνοίμην
1122 1592 1219 1680 λέγει.
1271 1597 1348 1662 Ari-

160 1707 307 1774 starchus
338 1707 437 1790 igitur
459 1728 509 1774 vv.
534 1708 742 1776 1437-1441
773 1715 810 1774 ut
838 1709 964 1791 spurios
995 1711 1162 1774 notaverat
1175 1710 1204 1791 ²)
1236 1707 1347 1786 (item-

159 1837 220 1901 que
242 1837 293 1883 vv.
318 1819 410 1886 1452.
436 1820 518 1887 1453
530 1823 585 1903 ⁸)),
616 1821 707 1887 euius
728 1819 908 1886 atheteseos
931 1839 1003 1886 cum
1024 1820 1119 1886 nimis
1141 1838 1223 1902 vega
1244 1823 1349 1901 etque

158 1929 316 2011 generalis
346 1931 429 1997 ratio
458 1932 653 2016 addatur⁴)‚
676 1931 905 2000 accuratiorem
938 1931 1097 2015 planeque
1118 1936 1237 1997 rectem
1259 1931 1349 1996 indi-

159 2040 246 2107 carit
271 2041 510 2124 Apollonius⁶).
561 2063 626 2127 qua
657 2063 733 2111 vero
763 2064 799 2112 re
829 2043 948 2110 certius
977 2041 1068 2108 nobis
1096 2041 1348 2124 persuadebitur

247 2216 277 2295 1)
300 2217 336 2275 de
364 2215 423 2276 iste
452 2215 569 2277 dicendi
598 2217 727 2277 formula
756 2238 784 2278 v.
815 2217 959 2277 Gerhard.
989 2238 1018 2295 p.
1043 2223 1092 2276 40.
1137 2216 1285 2278 Fritzsoh.
1310 2235 1343 2292 p.

160 2322 229 2378 381.
275 2320 312 2379 εί.
334 2319 519 2397 Bernhardy.
543 2321 624 2380 Hist.
647 2321 706 2380 Lit.
730 2320 780 2381 Gr.
803 2321 843 2394 II,
869 2320 940 2382 759.

246 2421 278 2500 2)
300 2423 337 2481 oi.
361 2421 452 2482 schol.
480 2427 560 2482 1440
585 2457 628 2469 -
649 2423 740 2482 ταῦτα
771 2416 803 2481 δὲ
824 2415 997 2498 ἠθειημένα
1019 2420 1144 2500 μετρίως
1165 2412 1203 2480 ίίν
1226 2441 1270 2492 τις
1290 2441 1345 2478 νο-

160 2523 268 2599 μίσειεν
291 2517 546 2584 ένδιεσκεοοίσθαι.
590 2522 642 2584 καί
663 2519 719 2606 γιίρ
743 2523 803 2585 ἐστι
823 2517 960 2604 φορτικά.

245 2628 277 2707 3)
299 2646 397 2706 neque
425 2627 505 2687 enim
533 2629 606 2688 satis
636 2649 701 2690 esse
732 2647 807 2709 quae
836 2629 960 2706 praebet
989 2628 1081 2689 schol.
1107 2633 1187 2688 1452
1211 2628 1344 2684 συνωθε-

158 2732 249 2790 τεῖται
269 2733 333 2800 τοῖς
354 2721 416 2790 ἅνω
438 2726 488 2788 καί
512 2717 608 2803 οὗτος,
640 2726 737 2806 μένων
758 2723 815 2810 χείρ
845 2723 957 2809 ἆκοροῖ
975 2723 1030 2808 τήν
1052 2727 1173 2790 ἐκείνων
1196 2721 1343 2804 ἀθέτησιν

158 2865 200 2876 -
221 2832 387 2893 rectissime
414 2832 567 2892 intellexit
589 2834 744 2894 Frit'usehe
767 2832 809 2913 (p.
834 2839 904 2894 436.
928 2833 1020 2906 437),
1059 2837 1241 2911 quapropter
1268 2851 1342 2892 eeu-

158 2939 204 2996 set
231 2933 406 3010 legendum:
441 2938 646 2996 οοναθειεῖται
674 2970 716 2981 -
745 2933 797 2996 καί
826 2937 913 2996 τοῦτο
947 2939 999 3014 (so.
1028 2955 1076 2996 vv.
1109 2939 1199 2996 1452.
1233 2935 1341 3010 1453),

158 3031 246 3113 μένον
267 3029 324 3116 yolo
346 3033 405 3097 κτέ.

243 3142 273 3214 4)
297 3159 396 3201 errare
419 3145 501 3220 puto,
525 3141 577 3221 qui
600 3141 690 3202 aliam
711 3144 748 3203 ob
765 3161 898 3202 caussam
916 3141 1125 3202 Aristarchum
1147 3141 1244 3200 locum
1266 3159 1341 3200 oon-

156 3241 274 3315 iodere‚
303 3242 392 3304 aliam
422 3245 617 3324 Apollonium
646 3245 812 3319 existimat,
842 3245 1003 3306 Gouzium:
1033 3245 1245 3320 „Aristarchus
1266 3243 1340 3304 illos

157 3365 261 3406 versus
290 3346 463 3424 repudiavit
490 3354 642 3429 tamquam
664 3348 804 3423 indignos
826 3349 935 3410 festivo
958 3347 1069 3409 Comici
1092 3346 1228 3422 ingenio,
1260 3365 1341 3426 quae

157 3467 261 3508 caussa
282 3449 434 3512 levissima
456 3455 515 3524 est,
538 3451 730 3530 Apollonius,
762 3453 841 3530 quod
864 3471 974 3512 nexum
1006 3451 1163 3511 turbarent
1191 3467 1247 3509 nec
1276 3449 1339 3526 ipsi

155 3551 289 3612 interce
319 3553 395 3612 bene
416 3553 512 3613 iuncti
536 3560 651 3628 essent,
675 3573 750 3634 quae
772 3554 893 3629 gravior
914 3553 991 3613 ratio
1015 3556 1095 3612 est“:
1124 3552 1172 3612 cui
1194 3551 1340 3612 nimirum

158 3653 295 3732 opinioni
317 3660 381 3717 tots
405 3657 577 3738 obloquitur
598 3659 628 3720 h.
650 3657 670 3716 l.
693 3657 812 3718 dicendi
835 3655 921 3716 ratio.

243 3758 274 3837 5)
303 3763 434 3820 ceterum
462 3760 616 3839 Apollonii
644 3761 697 3820 ille
727 3761 819 3822 verba
847 3779 952 3837 parum
980 3762 1062 3818 recte
1089 3757 1227 3818 exbiberi
1248 3757 1281 3815 in
1303 3757 1338 3818 h.

155 3855 247 3922 schol.
275 3861 461 3922 Fritssehius
491 3883 558 3924 cum
585 3864 802 3942 perspexisset,
831 3859 996 3941 αἰρομένων
1017 3881 1072 3940 pro
1097 3855 1244 3940 ἐρομένων
1266 3878 1339 3936 pro·

154 3965 256 4042 posuit
285 3965 473 4026 scribendum
480 4011 487 4040 ,
522 3987 581 4048 quo
611 3987 649 4026 ne
682 3967 746 4046 ipso
776 3966 895 4046 quidem
925 3965 999 4024 mihi
1029 3966 1127 4026 fateor
1156 3963 1228 4022 setis
1257 3961 1337 4022 fieri.

155 4087 209 4142 ego
240 4063 330 4128 altius
358 4069 550 4146 depravatam
587 4070 645 4130 loci
675 4071 852 4147 scripturam
888 4068 987 4128 iudico
1019 4075 1049 4128 et
1078 4067 1121 4126 sio
1149 4067 1213 4125 fere
1241 4063 1338 4126 velim

153 4168 231 4244 legi:
253 4163 362 4230 -ὅτι
392 4161 429 4230 οὔ
459 4164 535 4251 τρίς
564 4164 619 4248 την
646 4163 794 4232 ὑπόθεσιν
824 4169 923 4249 έχουσι
951 4164 1005 4247 την
1027 4164 1185 4249 εἰρημένην
1206 4165 1282 4245 (soil.
1304 4188 1337 4229 v.

158 4275 236 4328 1435
266 4261 336 4330 ‘itt’
369 4269 410 4332 έτι
439 4272 509 4350 μίαν
542 4268 663 4354 χνοίμην
691 4269 827 4356 έκοίτερος
857 4263 1010 4350 εἴπατον),
1045 4265 1078 4331 δι’
1110 4264 1149 4348 ἣν
1171 4269 1211 4348 (?)
1234 4260 1338 4330 αὐτῶν

153 4365 289 4452 ἑκάτερος
312 4371 382 4448 μίαν
403 4368 525 4454 γνώμην
546 4372 629 4458 λέγει.
