2962 4812
727 229 770 243 -
814 192 854 262 os
897 233 940 244 -

236 361 336 428 tarios
358 363 391 428 iu
412 363 664 446 Aristophanem
685 367 880 445 condiderit;
904 367 959 449 qui
973 367 1192 433 commentarii
1205 367 1336 449 proprie
1351 366 1426 432 lau·
1469 353 1470 372 ¹

237 475 358 538 dantur
379 473 476 540 schol.
497 477 557 541 Av.
582 477 681 542 1403:
709 469 933 564 Ἀντίπατρος
954 474 991 542 δὲ
1012 474 1070 541 καὶ
1091 470 1271 564 Εὐφρόνιος
1293 475 1327 542 ἐν
1349 481 1426 554 τοῖς

235 579 449 672 ὑπομνήμασί
470 605 554 670 φασι
575 623 627 651 -.
651 596 819 669 praeterea
835 594 944 654 autem
965 588 993 653 is
1015 595 1278 655 commemoratur
1300 589 1352 655 his
1376 591 1423 654 lo·
1469 645 1470 660 .

234 695 296 762 cis:
329 694 443 760 Athen.
473 697 529 779 XI,
559 699 623 764 495
658 698 691 764 O.
715 699 766 764 Et.
789 700 832 764 M.
856 717 880 764 s.
904 717 932 764 v.
955 695 1117 786 ἑνεργμός.
1161 699 1266 764 Tzeta.
1298 699 1331 764 in
1357 701 1422 782 Ly·

236 807 344 889 oophr.
366 806 439 872 387.
470 807 563 874 Phot.
586 810 646 876 lex.
671 809 743 890 165,
775 812 824 876 11.
847 811 920 890 383,
942 811 995 874 21.
1024 810 1162 894 Hesyoh.
1192 830 1217 876 s.
1240 830 1268 876 v.
1297 810 1421 876 λακκο-
1469 829 1470 898 j

236 915 355 984 σπέδα.
395 919 491 986 schol.
521 921 651 1004 Dionys.
682 923 756 987 Thr.
790 923 869 1004 782,
902 921 951 987 15.
985 922 1071 988 Suid.
1101 941 1125 986 s,
1155 941 1205 986 vv.
1228 919 1423 1010 Λιιτρέφης.

234 1024 379 1117 κηρύλος.
417 1027 551 1096 Μέτων.
588 1033 855 1119 παραιξοροῦσιν.
891 1027 1077 1120 χοραδριός.
1116 1050 1250 1114 quorum
1279 1034 1423 1100 locorum

233 1141 401 1206 nonnullos
430 1143 579 1209 omittere
606 1150 790 1224 poteramus
820 1145 876 1226 qui
909 1163 979 1210 cum
1002 1145 1044 1209 ad
1067 1143 1189 1210 scholia
1210 1145 1266 1210 illa
1286 1147 1424 1210 redeant

234 1251 280 1316 nii
302 1254 376 1318 novi
397 1253 551 1320 afferunt:
583 1255 690 1321 Tzetu.
720 1256 752 1320 in
774 1255 932 1338 Lycophr.
955 1256 1017 1321 387
1050 1254 1107 1340 (=
1128 1255 1225 1322 schol.
1250 1257 1306 1321 Au.
1329 1256 1422 1337 299).
1469 1273 1470 1324 ι

235 1364 324 1431 Suid.
351 1382 376 1430 s.
398 1383 427 1431 v.
450 1362 631 1454 Διιτρέφης
660 1365 717 1450 (=
746 1365 843 1432 schol.
866 1367 926 1432 Av.
950 1367 1036 1447 788).
1075 1361 1212 1452 κηρύλος
1242 1369 1299 1455 (ξε
1320 1367 1422 1433 schol.

235 1477 295 1542 Ar.
318 1474 404 1560 299).
434 1471 558 1541 Μέτων
581 1483 636 1556 (=
658 1476 754 1542 schol.
776 1477 836 1543 hv.
859 1478 945 1560 997).
975 1472 1152 1562 χοραδριός
1172 1480 1230 1560 (=
1245 1477 1341 1543 schol.
1356 1478 1420 1543 Av.
1469 1505 1470 1548 ι

234 1586 323 1672 266).
356 1587 491 1670 denique
514 1587 606 1654 Phot.
623 1589 696 1671 383,
719 1589 758 1654 21
784 1589 929 1654 convenit
951 1607 1024 1655 curu
1047 1587 1134 1653 Suid.
1156 1607 1181 1654 s.
1197 1607 1225 1653 v.
1249 1589 1418 1675 παροιξο-

235 1701 355 1786 ροῦσιν.
377 1735 419 1745 -
441 1699 476 1765 hi
498 1705 605 1766 autem
628 1699 688 1765 loci
711 1700 757 1766 sic
779 1719 887 1767 omues
909 1699 1086 1781 comparati
1108 1706 1200 1782 sunt,
1229 1705 1266 1765 ut
1288 1719 1346 1764 non
1374 1701 1419 1765 sit

235 1811 387 1892 dubium,
415 1811 491 1891 quin
523 1810 657 1876 eundem
690 1811 822 1876 iaudent
855 1811 1074 1892 Euphronium
1104 1811 1195 1877 cuius
1226 1811 1420 1876 mentionem
1469 1849 1470 1910 ρ

235 1921 357 1987 scholia
378 1922 411 1987 in
434 1921 597 2003 Aristoph.
620 1919 751 1988 iaciunt.
1469 1919 1470 2010 i

317 2033 537 2116 Euphronium
559 2033 682 2113 deinde,
705 2039 742 2098 ut
763 2039 906 2117 apparet,
928 2034 1152 2116 philosophum
1172 2033 1420 2115 peripateticum
1469 2021 1470 2082 1

233 2145 266 2209 iu
289 2144 425 2226 Lyconis
453 2144 655 2228 peripatetici
687 2151 879 2212 testamento
915 2145 1045 2210 testium
1068 2145 1252 2209 innumero
1275 2144 1420 2211 uomina·

233 2262 303 2320 tum
325 2256 503 2321 invenimus
525 2257 610 2337 apud
633 2257 740 2322 Laert.
769 2257 862 2340 Diog.
891 2257 935 2336 V,
968 2257 1009 2320 74
1040 2250 1214 2340 (μάρτυρος
1244 2253 1416 2330 Καλλῖνος
1469 2217 1470 2264 ¹

229 2359 425 2453 Ἑρμιονεύς,
460 2358 625 2452 Ἀρίστων
658 2371 775 2447 Κεῖος,
812 2359 992 2454 Εὐφρόνιος
1023 2361 1232 2446 Παιονιούς);
1273 2367 1313 2430 de
1351 2385 1417 2447 quo

235 2479 363 2544 aliunde
393 2477 472 2542 nihil
504 2484 638 2544 constat.
668 2515 709 2524 -
741 2479 798 2545 sed
828 2496 909 2561 quae
940 2478 1014 2543 olim
1045 2477 1169 2543 exstitit
1192 2477 1296 2542 Strah.
1327 2477 1420 2556 vul,

234 2589 297 2653 382
319 2589 494 2670 scriptura:
516 2625 558 2636 -
590 2581 651 2676 ἀφ’
675 2579 720 2654 ὧν
740 2589 798 2656 καὶ
819 2584 837 2655 ὁ
859 2587 901 2654 τὰ
923 2584 1096 2675 Πριάποια
1117 2583 1261 2676 ποιήσας
1283 2579 1418 2674 Εὖφρό-
1469 2581 1470 2648 i

233 2723 302 2777 νιος
326 2691 497 2786 Ὀρνεοίτην
525 2698 620 2764 καλεῖ
650 2698 707 2767 τὸν
727 2696 807 2766 θεόν
820 2703 850 2784 1)
875 2738 931 2784 -‚
962 2719 998 2766 ea
1022 2718 1104 2766 nunc
1127 2700 1296 2764 emendata
1317 2699 1349 2764 in
1373 2737 1418 2746 —-

232 2803 402 2898 Εὐφορίων
430 2825 488 2891 -’-;
519 2821 570 2878 est
596 2818 702 2879 autom
734 2813 762 2878 is
793 2812 955 2895 Euphorio
979 2811 1213 2892 Chersonesita,
1237 2811 1416 2877 carminum
1469 2807 1470 2892 i

232 2921 449 3005 priapeiorum
472 2926 637 3005 auctor¹)‚
660 2925 750 2990 cuius
773 2924 825 2990 hio
846 2924 947 2990 lutere
970 2941 1081 2989 nomen
1097 2921 1220 2986 monuit
1235 2922 1416 2988 Meinekius

232 3033 265 3098 in
286 3031 391 3098 Anall.
413 3031 573 3100 alexandr.
595 3051 628 3116 p.
645 3033 707 3100 341
724 3052 802 3117 οφ),
825 3036 902 3100 item
924 3033 1103 3116 Lennepius
1125 3033 1158 3098 iu
1181 3037 1348 3098 comment.
1372 3035 1416 3098 ad
1469 3039 1470 3124 i

233 3143 357 3211 Terent.
379 3146 482 3211 Maur.
504 3164 535 3226 p.
558 3145 631 3211 371.
663 3183 699 3191 -
733 3147 868 3227 denique
901 3145 1103 3228 Euphronius
1132 3143 1341 3226 philosophus
1362 3162 1416 3210 oo·

231 3254 315 3322 curit
336 3275 386 3338 ap.
409 3255 497 3322 Suid.
520 3275 544 3322 e.
560 3277 589 3324 v.
613 3254 783 3344 Διόδωρος
804 3251 963 3337 μονάζων,
987 3255 1041 3322 uhi
1063 3255 1148 3320 inter
1170 3255 1265 3320 huius
1282 3254 1417 3320 Diodori
1469 3271 1470 3322 t

231 3367 352 3448 scripta
373 3365 511 3432 refertur
539 3365 643 3455 ιπρὸς
664 3360 845 3455 Εὖφρόνιον
868 3362 1067 3454 φιλόσοφον’
1098 3405 1140 3413 -
1171 3367 1256 3450 quod
1279 3383 1416 3432 comme-

231 3493 371 3543 morasse
393 3476 473 3542 satis
495 3483 553 3544 est.

315 3589 372 3654 sed
404 3594 441 3654 ut
472 3589 639 3657 redeamus
672 3593 716 3657 ad
746 3596 890 3657 nostrum
912 3591 1133 3674 Euphronium
1156 3588 1414 3674 grammaticum,

230 3699 326 3766 huius
356 3705 495 3766 aetatem
528 3703 555 3768 si
587 3720 738 3784 quaereS,
774 3701 867 3784 longe
898 3702 982 3768 inter
1010 3719 1044 3767 se
1074 3702 1238 3770 discedere
1269 3703 1414 3769 virorum

230 3859 302 3919 997.
330 3859 419 3922 1378.
444 3858 534 3920 1379.
563 3863 650 3919 1403.
677 3864 767 3920 1536.
793 3865 884 3920 1563.
911 3859 1000 3922 1745.
1035 3859 1123 3937 Vesp.
1148 3863 1218 3918 604.
1243 3863 1312 3917 606.
1338 3859 1410 3917 674.

231 3962 302 4022 675.
326 3967 397 4024 696.
423 3967 513 4023 1005.
541 3967 630 4022 1086.
654 3966 740 4020 1144.
766 3965 857 4020 1530.
881 3962 924 4021 Pl.
941 3967 1012 4022 385.
1029 3967 1100 4022 904.
1123 3961 1309 4088 1711511264.
1333 3961 1411 4020 Ram.

232 4070 323 4126 1093.
1469 4099 1470 4108 ’

318 4170 345 4240 1)
368 4168 447 4226 unde
469 4185 524 4226 sua
544 4165 670 4243 sumpsit
692 4169 726 4227 P.
750 4167 917 4226 Victoria
941 4167 1023 4227 Varr.
1045 4166 1126 4227 lectt.
1149 4170 1198 4239 34,
1226 4169 1272 4224 19.

315 4269 348 4346 2)
371 4270 407 4329 cf.
429 4269 593 4346 Hephaest.
616 4267 759 4328 enchirid.
779 4289 807 4346 p.
833 4273 903 4329 105.
932 4302 974 4313 -
1004 4269 1187 4346 Bernhardy.
1209 4266 1302 4328 HLG.
1325 4267 1367 4341 Π,
1391 4272 1410 4325 2
1469 4287 1470 4354 ρ

227 4389 256 4446 p.
281 4375 329 4432 69.
354 4377 424 4430 644.
550 4389 553 4398 ·
1469 4373 1470 4400 *
