2962 4812
691 169 903 235 „20-

296 339 485 422 descriptis
507 340 662 407 Demetrii
692 340 771 406 satis
800 337 978 420 expositum
1005 355 1025 401 a
1052 337 1214 403 Beccardo
1242 343 1276 403 et
1298 359 1318 403 a
1344 339 1398 406 La
1468 391 1469 424 ,

210 452 330 518 Rochio
352 452 384 518 ll.
405 451 455 533 ll.‚
479 471 497 518 e
519 450 633 532 quibus
655 451 707 518 hi'c
730 451 826 516 etiam
848 450 1077 515 homericorum
1100 448 1186 513 illius
1208 450 1398 515 studiorum

209 563 362 645 quidquid
386 563 475 628 nobis
497 563 650 628 traditum
673 569 723 627 est
744 561 885 627 breviter
907 565 1050 626 recenset
1067 564 1106 642 ¹).
1151 544 1257 642 atque
1280 561 1313 626 in
1339 561 1397 628 his
1468 626 1469 630 ,

209 669 332 741 scilicet
354 681 390 738 ut
405 673 574 740 Crateteus
596 673 791 756 improbasse
806 672 993 755 plerumque
1008 671 1231 738 Aristarchum
1255 671 1398 738 manife-

208 791 277 852 stus
293 791 358 866 est;
375 804 445 852 cum
461 785 502 850 ab
517 785 611 850 huius
624 785 771 866 partibus
783 789 921 850 stantem
935 784 1074 866 prodant
1088 782 1197 850 scholl.
1214 789 1254 848 A
1267 785 1337 852 424
1350 787 1396 868 ²).

209 901 240 962 B
265 897 334 964 192.
366 903 397 961 Γ
416 899 464 964 18.
494 934 536 942 -
565 901 662 980 atque
684 897 905 980 obloquentem
928 893 1114 960 Aristarcho
1144 915 1215 962 eum
1238 895 1347 961 tribus
1362 897 1395 980 ³)

208 1026 332 1090 quoqne
354 1009 543 1075 scholiorum
566 1008 729 1090 Aristoph.
752 1009 830 1076 locis
851 1009 1047 1088 invenimus,
1077 1007 1105 1072 si
1127 1008 1255 1088 quidem
1281 1027 1395 1072 veram

208 1119 362 1199 ducimus,
385 1127 421 1186 ut
443 1141 502 1202 par
524 1127 582 1202 est,
606 1120 790 1188 Schneideri
814 1119 925 1205 (Arist.
942 1119 1051 1187 scholl.
1074 1118 1167 1186 fontt.
1191 1139 1221 1201 p.
1237 1120 1293 1202 90)
1316 1139 1394 1186 sen·

207 1231 341 1296 tentiam
363 1231 402 1296 ob
426 1231 508 1298 hanc
529 1233 633 1314 ipsam
655 1251 722 1298 rom
745 1233 885 1298 Ixionem
907 1231 1081 1314 significari
1103 1231 1307 1298 conicientis:
1338 1231 1395 1296 his

207 1341 291 1406 enim
313 1342 391 1409 locis
412 1343 497 1409 nudo
519 1343 645 1411 nomine
667 1349 799 1410 vocatur
822 1340 1013 1432 Δημήτριος,
1040 1338 1057 1407 ὁ
1076 1334 1181 1424 Ἰξίων
1203 1362 1266 1408 uno
1289 1343 1393 1409 schol.

209 1456 264 1519 Au.
292 1453 382 1520 1569.
411 1453 449 1520 cf.
472 1455 627 1520 Gerhard.
658 1455 706 1520 De
728 1455 917 1521 Aristarcho
939 1455 1102 1538 Aristoph.
1125 1455 1255 1538 interpr.
1278 1476 1310 1538 p.
1335 1457 1392 1522 25.

487 1663 554 1736 VI.
606 1663 788 1736 Moschus
815 1663 1091 1756 Syracusanus.

292 1829 407 1896 Suidas
428 1831 477 1909 II,
509 1832 580 1912 lp.
606 1831 686 1898 887:
717 1826 854 1912 Μόσχος
887 1827 1119 1916 Συρακούσιος,
1149 1829 1390 1916 γραμματικός,

202 1932 418 2024 Ἀριστάρχου
447 1937 616 2029 γνώριμος.
659 1931 752 2020 οὗτός
791 1941 879 2008 ἐστιν
913 1938 931 2008 ὁ
961 1939 1107 2030 δεύτερος
1135 1941 1271 2030 ποιητὴς
1301 1942 1391 2028 μετὰ

209 2046 390 2138 Θεόκριτον,
413 2049 469 2115 τὸν
491 2057 555 2118 τῶν
576 2051 773 2135 βουκολικῶυ
796 2049 972 2138 δραμάτων
995 2049 1140 2142 ποιητήν.
1177 2047 1306 2138 ἔγραψε
1328 2051 1389 2118 καὶ

206 2155 303 2240 αὐτὸς
325 2160 513 2246 [βουκολικά
534 2165 608 2230 add.
631 2165 783 2249 Knster.].
805 2166 1062 2248 Lexicographus
1083 2166 1184 2250 igitur
1206 2167 1291 2248 quod
1314 2168 1388 2232 Μυ-

205 2275 333 2352 schum,
354 2274 529 2340 bucolicum
552 2281 679 2356 poetam
702 2276 955 2356 celeberrimum,
984 2278 1117 2341 eundern
1139 2279 1388 2358 grammaticum

206 2383 304 2452 fuisse
326 2385 406 2453 dicit
426 2405 561 2470 eumque
582 2387 762 2454 Aristarchi
783 2385 989 2466 familiarem,
1017 2407 1083 2454 rem
1105 2407 1298 2472 quamquam
1319 2389 1388 2454 alio

205 2501 290 2563 teste
311 2504 471 2565 carentem
493 2500 596 2566 tradit
617 2519 676 2582 per
697 2518 732 2565 se
754 2499 883 2565 minime
905 2499 1132 2566 incredibilem.
1156 2503 1299 2566 attamen
1316 2501 1389 2565 eius

205 2627 266 2674 non
295 2611 382 2692 apud
412 2628 520 2676 omnes
548 2609 633 2677 viros
664 2613 774 2677 doctos
802 2608 897 2676 fidem
927 2617 1040 2678 nactus
1061 2613 1163 2690 est4).
1207 2611 1389 2693 exquibus

210 2731 412 2740 ——-———..

204 2783 332 2844 welcher
354 2781 464 2844 Weiss
488 2787 563 2844 auch
585 2785 741 2860 gedeutet,
773 2784 942 2861 uumbglioh
973 2787 1082 2862 richtig
1103 2787 1175 2848 sein.
1218 2787 1290 2845 llam
1313 2787 1389 2844 sebe

204 2886 395 2960 Soheurleer,
425 2889 460 2946 de
484 2887 634 2947 Demetrio
657 2887 813 2963 Magnete,
834 2907 863 2964 p.
888 2893 926 2946 58
949 2889 989 2963 ff,
1012 2909 1041 2950 n.
1063 2889 1123 2965 vgl.
1145 2889 1222 2948 noch
1244 2888 1387 2964 Apollom.

205 2989 241 3048 de
263 3009 348 3064 pron.
370 3009 399 3066 p.
427 2993 484 3048 114
507 2989 540 3063 B,
562 3009 609 3050 wo
632 3010 663 3050 es
685 3009 745 3051 von
760 2991 901 3067 Tryphon
924 2991 1034 3052 haisst:
1062 2986 1321 3070 συγκαταθέμενος
1343 2989 1386 3073 τῷ

199 3083 309 3160 ’1ξ1υυι,
351 3091 492 3170 Tryphon
515 3093 601 3165 aber,
633 3094 776 3154 domnaoh
805 3093 986 3154 mindostens
1017 3095 1092 3154 doeh
1124 3094 1170 3153 ein
1193 3092 1386 3169 Zeitgenosse

205 3193 256 3252 des
277 3193 361 3258 Dem.
384 3195 489 3267 Ixion,
512 3194 592 3256 lebte
615 3189 765 3275 (γεγονώς)
789 3189 863 3254 κατὰ
886 3189 956 3265 τούς
978 3189 1155 3276 Αὐγούστου
1176 3187 1302 3272 χρόνους
1330 3195 1384 3255 καὶ

205 3287 367 3375 πρότερον,
400 3297 551 3357 niihmlioh
578 3298 621 3358 als
643 3297 725 3358 Sohn
747 3299 798 3358 des
821 3299 1013 3372 Ammonius,
1041 3300 1091 3359 des
1113 3299 1308 3376 Naohfolgers
1330 3300 1384 3360 dea

204 3398 366 3472 Aristaroh,
389 3399 525 3458 ziemlioh
547 3400 634 3476 lange
656 3421 711 3460 vor
734 3402 786 3460 der
807 3401 979 3478 Regierung
1002 3403 1052 3460 des
1074 3404 1255 3477 Augustus.“

293 3500 321 3580 l)
345 3501 452 3562 omisso
474 3501 565 3564 schol.
591 3502 616 3560 0
641 3509 716 3577 194,
747 3504 826 3584 quod
849 3503 992 3563 Demetrii
1014 3503 1171 3564 lectionem
1188 3495 1382 3582 ἀποβήσομαι

203 3603 339 3678 exhibet,
363 3609 393 3664 et
414 3624 467 3682 per
488 3625 616 3665 amorem
639 3606 728 3666 allato
751 3605 842 3668 schol.
866 3607 894 3662 Γ
914 3611 951 3664 18
975 3598 1068 3686 αὐτυὶρ
1092 3598 1119 3678 b,
1141 3626 1207 3666 cum
1230 3607 1382 3683 scripserit

201 3705 274 3764 item
295 3709 385 3787 atque
406 3708 594 3768 Aristarchus
616 3701 709 3787 αὐταὶρ
731 3705 829 3786 δοῦρε.

279 3809 322 3885 9)
345 3811 441 3889 quode
463 3814 499 3872 A.
521 3811 670 3888 Philippi,
704 3812 837 3877 Quaestt.
862 3810 1024 3872 Aristarch.
1048 3831 1126 3888 spec.
1148 3831 1209 3889 pn,
1243 3813 1309 3872 diss.
1338 3813 1379 3870 in.

204 3910 524 3990 eotr.rsos,p.1a.
594 3897 600 3916 ’
980 3981 982 3986 ,

289 4013 320 4092 3)
343 4015 445 4078 scholl.
466 4016 541 4076 Ram.
567 4021 637 4078 308.
662 4018 731 4080 970.
755 4023 831 4091 990,
862 4017 1024 4098 quaeriue
1047 4017 1136 4076 dubio
1159 4036 1198 4076 ex
1219 4016 1297 4076 iusto
1319 4019 1378 4077 De·

202 4119 301 4178 metrii
323 4119 354 4177 in
377 4119 528 4198 Aristoph.
551 4121 761 4180 commentario
783 4121 946 4180 fluxerunt.

113 4299 116 4306 ι
289 4222 321 4300 4)
343 4224 440 4282 varias
462 4224 663 4302 antiquiorum
679 4223 847 4284 criticorum
863 4221 1025 4282 sententias
1039 4222 1083 4280 nil
1098 4222 1182 4281 iuvat
1196 4239 1375 4292 enumerare,

202 4343 230 4386 v.
253 4323 368 4386 Fabric.
390 4325 439 4383 III
461 4346 490 4402 p.
514 4331 574 4384 804
598 4347 663 4406 sqq.
