2962 4812
555 177 767 242 ,13-

68 345 202 414 πόλεων
216 346 274 414 καὶ
290 343 442 436 πράξεων
464 345 518 414 καὶ
541 341 648 435 ίίφεων
663 347 719 415 καί
741 345 889 434 μάντεων
913 347 968 415 καί
991 350 1031 416 τὰ
1053 355 1187 417 τοιαῦτα
1202 350 1252 417 λί-

68 483 117 545 γει
135 453 222 526 d'A.
242 453 523 544 ἀναγινώσκεσθαι
540 457 838 548 προπαροξυτόνως
857 460 948 550 νεαροὶ
964 465 1036 539 τοῖς
1047 455 1251 550 Ἀθηναίοις.

68 573 121 636 Et.
145 573 189 639 M.
213 591 237 636 S.
262 591 289 636 V.
313 577 420 659 Σιροι,
455 592 485 654 p.
510 573 590 651 714,
615 575 671 638 17:
700 565 750 637 Ἀ.
773 572 809 636 δὲ
839 568 962 660 ἱστορεῖ
984 567 1029 652 ὡς
1052 569 1081 639 οἳ
1102 567 1253 641 Ἀττικοί

68 675 240 763 ὀξύνοντες
266 679 304 746 τὸ
325 676 428 766 ὄνομα
450 680 487 746 τὸ
517 678 757 769 ῖβραχίνουσι.
789 683 856 769 (ubi
881 687 921 751 de
944 681 1112 772 διαφόρων
1134 684 1252 767 λέξεων

68 800 204 860 auctore
235 794 390 875 cogitavit
424 793 583 876 Sylburg.)
635 795 765 861 Cramer
795 797 912 862 Aueed.
936 797 993 862 Ox.
1023 798 1056 877 I,
1097 797 1176 878 168,
1212 799 1252 864 15

63 899 194 992 Ἑάφθη
212 905 263 988 (Ν
272 905 367 987 543):
390 941 432 952 -
450 896 638 988 Ἀμμώνιος
658 906 719 989 μὲν
741 897 796 970 οὖν
812 905 903 994 παρὰ
925 907 962 972 τὸ
986 905 1029 972 ἐῶ
1048 907 1146 994 φησίν
1166 906 1250 995 εἰίθη

68 1013 127 1080 καί
143 1015 344 1102 πλεονασμῷ
363 1019 419 1081 τοῦ
442 1018 467 1104 ᾧ
491 1011 619 1103 ἑάφθη·
643 1011 687 1094 ὡς
710 1015 744 1081 ἐν
758 1021 804 1104 τῷ
826 1013 952 1104 σίφλος,
976 1016 1087 1096 σίλλος
1101 1016 1171 1106 γοίρ,
1194 1021 1250 1088 καὶ

69 1124 166 1213 παρὰ
187 1125 226 1192 τὸ
249 1123 344 1212 σύρω,
368 1126 499 1216 ουρετὸς
513 1127 570 1192 καί
592 1123 759 1214 συρφετός.
803 1123 900 1193 οἱονεὶ
919 1126 954 1192 ἐκ
980 1133 1036 1217 τῆς
1059 1132 1253 1221 σεσυρμὲνης

69 1233 148 1324 ίλης
172 1230 282 1304 οὐσία·
305 1277 346 1286 νε
369 1240 447 1307 haec
470 1241 497 1307 si
520 1245 606 1305 recte
628 1241 670 1305 ad
688 1248 829 1305 nostrum
853 1240 971 1322 defero,
994 1242 1107 1308 librum
1125 1247 1165 1310 de
1181 1266 1252 1327 pro-

69 1351 162 1414 sodia
179 1351 231 1416 vel
255 1352 294 1414 de
317 1353 467 1433 prosodia
483 1353 583 1416 attice
602 1351 737 1434 aliquem
761 1371 832 1417 eum
855 1353 1019 1434 scripsisse
1033 1353 1168 1422 fortasse
1191 1377 1251 1422 non

69 1461 326 1542 improbabiliter
355 1468 541 1528 statuemus.
590 1463 715 1528 etiamsi
753 1463 835 1526 euim
864 1464 894 1527 iu
926 1463 1093 1532 homericis
1130 1485 1252 1548 quoquc

68 1573 204 1653 scriptis
227 1593 265 1639 ea
286 1574 391 1656 potuit
413 1574 566 1656 proferre,
589 1573 648 1639 hoc
664 1582 771 1638 tamen
787 1575 890 1639 minus
911 1575 1075 1656 probabile
1097 1575 1134 1640 fit
1155 1597 1251 1660 prop·

68 1691 171 1761 terea,
194 1687 280 1766 quod
295 1685 419 1751 illorum
444 1685 594 1767 reliquiae
613 1685 656 1749 nil
680 1685 740 1750 uisi
763 1686 890 1751 mititas
912 1704 963 1751 res
981 1686 1137 1752 exhibent.
1168 1697 1251 1754 cete-

69 1813 144 1858 rum
158 1797 242 1876 quod
260 1797 459 1878 Tryphonem
476 1793 552 1880 περὶ
567 1789 719 1883 Ἀττικῆς
736 1793 922 1883 προςῳὸίας
938 1797 1066 1878 (Athen.
1089 1799 1129 1879 ΙΙ,
1147 1799 1188 1864 53
1207 1802 1251 1883 Α)

70 1905 188 1970 librum
222 1908 435 1988 composuisse
467 1913 609 1987 constat,
639 1907 772 1972 similem
804 1907 939 1973 fortasse
970 1909 1028 1972 hac
1058 1909 1090 1973 in
1114 1929 1148 1974 re
1170 1911 1252 1976 inter

70 2023 198 2098 patrem
214 2015 376 2100 filiumque
398 2055 439 2066 -
463 2019 490 2083 si
512 2019 639 2099 quidem
657 2017 717 2084 luit
740 2056 781 2066 -
803 2037 884 2101 quae
906 2020 1122 2086 intercesserit
1143 2041 1250 2088 neces-

71 2129 248 2210 situdinem
268 2148 328 2194 uon
351 2129 457 2212 inepte
488 2129 726 2210 indagabimus,
757 2131 882 2213 qualem
910 2131 942 2195 iu
965 2132 1029 2197 alia
1058 2151 1092 2196 re
1114 2137 1252 2201 ostendit

71 2239 345 2322 SengebuscbiuS,
387 2261 457 2306 eum
490 2243 530 2305 ad
561 2241 719 2306 Ammouii
755 2242 794 2306 de
825 2241 958 2309 Platone
987 2243 1068 2308 illud
1095 2246 1249 2326 scriptum

69 2357 219 2432 spectans
247 2353 415 2417 ‘Ammouii
446 2352 608 2418 consilium
639 2351 836 2434 amplificans
865 2354 994 2436 Trypho
1024 2356 1250 2437 grammaticus

71 2461 142 2525 etc’
175 2461 272 2543 (bom.
296 2464 371 2528 diss.
395 2483 441 2544 pr.
464 2483 494 2543 p.
518 2463 784 2548 monetaverit.

159 2575 214 2637 sed
245 2575 359 2640 librum
383 2574 541 2640 Ammonii
564 2592 657 2656 quem
688 2575 801 2640 laudat
823 2576 937 2641 Athen.
977 2576 1054 2640 XIII
1084 2597 1113 2658 p.
1137 2577 1198 2642 567
1221 2577 1249 2642 A

72 2679 244 2766 περὶτῶν
269 2677 450 2772 Ἀθήνησιν
481 2680 652 2772 ἑταιρίδων
665 2689 695 2768 ¹)
727 2685 830 2752 nescio
863 2706 903 2750 an
931 2687 1037 2768 potius
1069 2688 1250 2770 philosophi

71 2795 158 2858 illins
180 2796 380 2877 peripatetici
402 2816 472 2863 esse
491 2800 548 2861 τοῦ
572 2795 787 2882 Λαμπτρέως
810 2816 880 2862 cnm
892 2798 1039 2864 Harlesio
1055 2817 1248 2878 censeamus,

74 2906 129 2986 qui
150 2907 235 2970 idem
253 2905 330 2993 περὶ
351 2911 470 2992 βωμῶν
492 2905 547 2973 καὶ
564 2909 688 2974 θυσιῶν
707 2909 835 2990 scripsit
849 2909 879 2992 ²)
903 2910 1031 2990 (Athen.
1048 2912 1103 2989 XI,
1121 2911 1184 2976 476
1200 2913 1249 2994 F).

330 3151 403 3222 111.
455 3151 711 3244 Apollodorus
736 3152 996 3225 Atheniensis.

161 3332 386 3414 Apollodorum
402 3335 588 3418 scriptorem
606 3336 843 3401 celeberrimum
859 3337 941 3401 inter
957 3338 1135 3402 Aristarchi
1152 3339 1251 3404 disci-

76 3443 169 3524 pulos
190 3442 294 3507 fuisse·
316 3451 349 3510 et
372 3446 486 3510 Snidas
509 3453 648 3512 testatur
669 3448 685 3510 Ι
708 3466 737 3527 p.
762 3449 839 3514 620:
868 3439 1138 3534 Ἀπολλόδωρος,
1168 3442 1249 3514 Ἀσ-

77 3535 270 3638 κληπιοίόου,
285 3553 519 3640 γραμματικός,
537 3545 586 3632 εἷς
602 3559 664 3619 τῶν
675 3554 856 3623 Παναιτίου
869 3559 925 3624 τοῦ
933 3553 1056 3623 Ῥοδίου
1068 3556 1251 3647 φιλοσόφου

77 3661 132 3727 καί
152 3656 367 3752 Ἀριστάρχου
388 3667 444 3732 τοῖν
461 3670 684 3754 γραμματικοῦ
699 3669 866 3755 μαθητῶν,
886 3662 1066 3755 Ἀθηναῖος
1087 3669 1127 3736 τὸ
1148 3669 1249 3754 γένος.

79 3766 152 3861 ἦρξε
168 3773 205 3840 δὲ
219 3780 350 3860 πρῶτος
372 3783 435 3842 τῶν
451 3779 656 3865 καλουμένων
675 3776 891 3867 τραγιοίμβων,
916 3787 948 3845 et
964 3782 1117 3864 scymnus
1131 3787 1250 3866 perieg.

169 4037 196 4110 l)
219 4037 290 4096 item
313 4038 474 4114 inscriptus
496 4039 670 4116 Apollodori
694 4039 885 4098 Atheniensis
907 4039 991 4098 liber.

166 4137 198 4216 2)
226 4139 345 4198 Jonsius
376 4142 420 4199 De
451 4142 562 4218 scriptt.
593 4141 662 4200 hist.
692 4141 815 4216 philos,
854 4143 886 4200 in
916 4141 1028 4200 indice:
1057 4145 1251 4215 „Ammonius

81 4243 286 4301 Aristarcheus
315 4274 356 4286 -
387 4245 465 4302 forte
492 4245 569 4301 idem
598 4243 649 4322 qui
671 4243 707 4300 de
730 4245 832 4302 scortis
855 4245 1081 4303 Atheniensium
1105 4247 1249 4322 scripsit“.

81 4342 284 4402 Westermann
300 4345 330 4402 in
348 4345 452 4421 Paulyi
470 4346 529 4404 ER.
546 4367 567 4406 s.
584 4366 611 4403 v.
629 4346 802 4404 Ammonius
819 4342 851 4428 2)
867 4366 929 4404 rem
945 4346 1080 4406 indubio
1096 4347 1250 4409 sinitesse.
