2962 4812
523 227 734 294 ,17-

176 520 241 592 1v.
294 519 537 591 Ptolemaeus
563 463 744 592 findario
772 521 970 595 Oroandes
995 524 1020 597 f.
1036 522 1082 617 1).

129 704 240 768 Suidas
259 704 339 783 111,
356 705 376 768 2
392 724 423 786 p.
442 703 520 770 526:
543 702 753 788 Πτολεμαῖος
769 699 787 770 ὁ
803 697 1036 794 Ἀλεξανδρεύς
1047 709 1088 790 ²),
1110 727 1214 791 γραμ-

54 809 192 896 ματικός,
223 803 261 891 ὃς
291 810 485 878 ἐπεκαλεῖτο
513 809 757 901 nectarium).
801 811 869 894 οἷὸς
899 814 936 882 δὲ
969 808 1006 904 ἦν
1032 810 1216 903 Ὀροᾶνδοικ

56 923 191 1013 μαθητὴς
208 917 435 1010 Ἀριστάρχου.
470 919 614 1010 ἔγραψεν
638 919 819 1012 Ὁμηρικῶν
842 922 1090 1012 ὑποδειγμάτων
1105 923 1219 1011 βιβλία

56 1029 77 1116 γ’
106 1036 135 1120 [e
164 1055 241 1102 corr.
273 1037 430 1117 Kusteril.
474 1033 560 1122 Περὶ
590 1037 646 1101 τοῦ
671 1031 844 1124 Ὁμηρικοῦ
872 1040 1084 1126 χαρακτῆρος.
1126 1035 1220 1124 Πρὸς

57 1144 249 1233 mendatium
269 1145 345 1231 περὶ
360 1143 488 1227 λέξεως.
520 1143 607 1230 Περὶ
627 1147 684 1210 τοῦ
708 1139 784 1234 παρ’
808 1143 937 1236 Ὁμήρῳ
966 1143 1113 1226 Οὕιιδσς.
1135 1147 1221 1236 Περὶ

55 1249 281 1346 Ἀστεροπαίου
304 1261 360 1324 τοῦ
383 1251 459 1344 παρ’
478 1253 609 1344 Ὁμήρῳ
630 1257 957 1345 μνημονευομέισολ).
990 1258 1046 1326 καὶ
1070 1255 1219 1345 theom).

58 1373 101 1435 sed
125 1373 164 1437 do
185 1371 282 1436 variis
310 1370 361 1436 his
391 1370 520 1452 scriptis
541 1369 709 1438 homericis
730 1371 884 1452 pauculae
913 1377 1037 1438 tantum
1069 1371 1222 1456 reliquiae

57 1489 181 1548 aetatem
213 1482 364 1548 tulerunt.
408 1501 488 1565 quas
510 1481 730 1565 perstringunt
751 1482 892 1550 Beccard
914 1503 945 1566 p.
969 1484 1018 1550 64.
1042 1483 1083 1550 65
1114 1491 1147 1550 et
1174 1484 1223 1548 La

58 1711 151 1784 cetur,
179 1725 199 1770 a
231 1704 367 1788 Didymo
396 1704 429 1770 iu
464 1705 554 1772 varia
582 1705 746 1786 proposita
775 1705 993 1789 scriptura⁶):
1025 1706 1066 1772 ad
1096 1708 1126 1770 E
1153 1705 1222 1772 136.

58 1814 119 1880 636.
158 1817 185 1880 Θ
216 1817 268 1882 23.
300 1817 378 1896 389,
409 1817 450 1894 ab
479 1816 661 1882 Herodiano
692 1817 725 1881 iu
751 1835 786 1882 re
816 1817 983 1898 prosodiae
1010 1817 1053 1884 ad
1085 1821 1119 1882 Κ
1149 1817 1222 1885 292.

58 1933 208 2006 praeterea
239 1932 402 2010 comparet
428 1929 460 1994 in
483 1927 612 1994 scholiis
635 1927 691 1992 BL
720 1929 762 1994 ad
784 1933 824 1992 A
858 1928 928 1993 120.
972 1929 1064 1995 Vad
1097 1933 1127 1994 Φ
1150 1927 1222 1996 356.

60 2036 145 2104 Paris.
166 2041 207 2106 ad
235 2044 267 2103 d>
291 2040 352 2105 163
375 2037 426 2117 (ci.
446 2040 557 2104 Lehrs.
575 2045 696 2119 quaest.
714 2057 787 2122 epp.
808 2059 838 2121 p.
854 2039 927 2124 97);
951 2040 1084 2124 εσ601.β
1101 2042 1163 2108 222
1175 2044 1222 2121 ⁷);

61 2149 171 2216 dubitat
200 2171 240 2216 eu
271 2151 368 2216 etiam
397 2149 493 2214 schol.
526 2151 552 2215 V
583 2150 626 2214 ad
649 2153 687 2212 Π
705 2151 745 2214 21
771 2150 813 2215 M.
838 2149 982 2216 Schmidt
1003 2151 1036 2218 iu
1057 2153 1122 2220 ind.
1149 2151 1224 2218 Did.

62 2277 130 2339 quae
151 2280 252 2344 pauca
273 2261 456 2326 testimonia
485 2262 599 2326 doceut
631 2279 703 2326 eum
731 2259 764 2324 in
798 2261 871 2326 crisi
901 2261 1036 2328 multum
1065 2270 1224 2331 versatum

63 2390 119 2437 osse
138 2393 192 2439 uec
214 2372 378 2437 dubitasse
400 2372 439 2437 ab
462 2372 645 2438 Aristarcho
667 2371 822 2438 recedere.

134 2486 265 2550 eundem
288 2483 504 2550 Ptolemaeum
527 2485 611 2549 uudo
634 2485 759 2549 nomine
786 2477 804 2548 ὃ
835 2479 1023 2568 Πινδαρίων
1052 2485 1224 2568 significari

64 2597 134 2673 apud
156 2597 239 2662 Sext.
263 2596 384 2678 Empir.
408 2595 478 2661 adv.
501 2614 633 2676 gramm.
656 2615 687 2677 p.
711 2593 773 2661 645
796 2595 912 2659 hem:
942 2632 983 2641 —
1016 2592 1109 2671 ἐκτὸς
1130 2592 1159 2662 εἰ
1180 2593 1225 2685 μή

63 2728 88 2767 ιι
102 2703 233 2794 φήσουσι
248 2704 292 2794 με)
307 2705 362 2794 τὴν
377 2699 473 2793 αὐτὴν
489 2703 662 2794 συνήθειαν
677 2700 847 2788 ἐκβάλλειν
862 2698 930 2789 ἅμα
946 2701 1002 2770 καὶ
1016 2702 1224 2792 προςίεσβαι,

65 2807 119 2880 ἀλλ’
141 2811 238 2905 ἄλλην
252 2815 312 2902 μὲν
328 2811 495 2899 ἐκβάλλειν
509 2813 609 2901 ἄλλην
623 2814 659 2882 da*
674 2811 884 2904 ιιροςίεσβαι.
911 2810 994 2904 ὅπερ
1009 2815 1064 2882 καὶ
1079 2816 1226 2904 λέγουσιν

68 2973 252 2984 ——wu—

139 3063 167 3140 1)
189 3083 217 3124 v.
241 3061 358 3120 Febris.
382 3062 405 3133 I,
429 3065 499 3120 520.
532 3060 690 3122 Grasfenh.
713 3063 744 3134 1,
774 3065 847 3120 400.
871 3065 940 3122 432.
966 3066 1036 3121 603.
1061 3063 1130 3122 627.
1155 3069 1225 3124 636.

67 3162 215 3236 11343.

138 3268 168 3346 2)
189 3270 261 3328 hinc
282 3267 377 3328 levius
399 3267 515 3326 locutus
531 3266 718 3326 Graeisnhan
741 3267 782 3339 ΙΙ,
806 3271 845 3324 43
870 3267 935 3340 „oit
950 3269 1024 3328 auch
1040 3268 1227 3329 Ptolemaeus

68 3367 109 3426 der
128 3371 343 3431 Alexandrinsr
364 3372 524 3444 genennt.“

139 3474 168 3552 3)
189 3475 221 3532 in
245 3471 346 3532 scholi.
370 3471 407 3530 Il.
430 3471 504 3532 Van.
530 3490 646 3548 semper
668 3461 874 3550 d'Opooivdov
897 3472 987 3547 audit,
1011 3463 1028 3531 6
1055 3471 1227 3552 Πινδαρλων

70 3572 143 3634 schol.
165 3575 258 3633 Paris.
281 3575 318 3632 ad
343 3573 372 3630 d>
397 3577 456 3632 163
480 3574 558 3633 etv
581 3575 617 3632 ad
642 3572 671 3630 Φ
695 3578 766 3632 366.

139 3679 168 3753 4)
189 3677 261 3736 hinc
281 3678 406 3736 fortasse
429 3675 519 3735 schol.
542 3677 634 3735 Paris.
662 3675 690 3732 Φ
717 3681 784 3735 163.

140 3782 168 3855 6)
191 3777 235 3839 (ἐν
254 3781 294 3861 τῷ
316 3776 384 3857 περὶ
405 3770 605 3848 Ὁπλοποιΐιις’
628 3779 687 3838 sch.
711 3780 740 3836 E
765 3783 840 3852 136,
862 3780 893 3839 h.
917 3798 941 3838 e.
964 3779 996 3836 in
1018 3781 1227 3841 commentario

70 3876 93 3935 io
113 3883 144 3955 Σ,
165 3903 194 3942 v.
222 3883 337 3942 Villois.
360 3881 439 3941 Prol.
462 3881 498 3941 Il.
521 3881 625 3940 XXX.

141 3986 169 4063 6)
192 3986 302 4044 Becard
325 4005 353 4062 p.
372 3990 428 4044 64:
452 3983 587 4058 „Quibus
601 3983 687 4044 libris
701 3983 744 4044 ita
770 4004 838 4044 usus
861 4003 924 4044 essu
939 3984 1058 4043 videtur
1074 3983 1227 4061 Didymus,

71 4089 97 4139 ut
114 4088 194 4146 rebus
217 4107 292 4167 quae
314 4088 346 4146 in
368 4087 405 4146 iis
427 4088 581 4164 expositae
603 4093 689 4146 erant
711 4087 853 4162 neglectis
874 4086 1016 4146 lectiones
1038 4092 1153 4145 tuntum
1176 4107 1229 4146 no·

71 4203 112 4244 vas
131 4210 146 4248 a
165 4191 334 4250 Ptolemaeo
358 4190 524 4266 propositus
546 4189 692 4265 reciperet
713 4189 745 4247 in
768 4187 1020 4250 commentariosf‘

142 4294 170 4368 i)
192 4295 242 4351 ubi
265 4313 329 4352 cum
353 4292 507 4350 Diodoriio
530 4291 705 4351 crediderim
733 4284 826 4368 χεύσα
858 4309 926 4348 aum
956 4289 1127 4367 scripsisse,
1156 4292 1228 4352 item

72 4389 100 4448 ab
119 4396 282 4456 Aristarcho
305 4395 337 4452 iu
358 4395 414 4453 hac
436 4414 468 4452 ro
483 4395 645 4455 aberrasse.
668 4394 705 4454 cf.
717 4394 986 4467 Friedlesnderum,
1010 4395 1182 4471 dristonfp.
1200 4401 1227 4454 6.

1019 4498 1037 4550 2
