2962 4812
538 208 752 272 ..7-

40 375 169 456 (schol.
192 381 227 442 K
242 377 304 444 398
327 371 615 465 δἈριστοὶρχειος,
640 384 670 443 Β
694 380 752 444 111
777 377 851 456 τοδς
874 371 928 444 ἀπ’
943 371 1039 444 αὐτοῦ
1063 383 1117 460 [so
1135 373 1233 466 Ἀρι-

44 481 208 567 στάρχου]
225 525 264 534 -
281 485 529 574 Διονυσόδωρον
546 488 603 554 τὸν
620 484 838 576 Ἀλεξανδρέα
853 489 910 556 καὶ
928 485 1141 577 Ἀμμώνιον),
1166 503 1234 558 tum

42 597 142 662 inter
173 599 336 666 auditores
366 601 546 669 Aristarchi
576 601 674 668 fuisse
705 603 790 670 clare
823 605 1010 668 ostendunt:
1038 623 1064 668 c.
1087 624 1117 686 g.
1139 604 1236 668 schol.

46 715 86 774 Κ
122 711 188 776 398
225 703 414 794 Ἀμμώνιος
444 710 480 776 δέ
509 707 526 776 ὃ
556 705 801 797 Ἀριστάρχειος
833 715 963 797 πρῶτον
993 711 1052 797 μὲν
1083 717 1236 798 στιγμαῖς

45 841 138 906 φησι
162 818 218 886 τδν
234 815 451 907 Ἀρίσταρχον
473 819 815 909 παρασημειιδσασδαι
846 818 963 902 αὐτούς
970 875 978 905 ,
1010 817 1082 890 εἶτα
1113 822 1151 889 δὲ
1181 824 1237 890 καὶ

46 930 171 998 τέλεον
194 931 326 1014 ἐξελεῖν.
371 932 424 1018 (cf.
452 933 562 1000 Lehrs
594 937 647 999 An.
669 954 699 1016 p.
721 935 808 1018 362).
852 943 885 1002 ct
907 937 987 1002 illud
1008 936 1136 1017 quidem
1159 937 1237 1002 viris

46 1044 163 1110 doctis
185 1045 305 1110 dudum
328 1045 505 1127 probatum,
528 1065 584 1112 nec
606 1065 667 1112 non
690 1046 765 1126 hoc,
789 1047 887 1114 verba
908 1048 963 1118 illa
984 1047 1102 1113 Snidac
1124 1037 1161 1124 ὃς
1182 1045 1238 1111 καὶ

50 1153 230 1238 διεδέξατο
252 1155 307 1244 τὴν
329 1154 446 1244 σχολὴν
465 1148 689 1242 Ἀριστάρχου,
713 1157 828 1240 quibus
844 1158 1006 1224 simillima
1027 1159 1126 1225 habet
1140 1159 1235 1224 schol.

51 1271 90 1330 K
116 1267 181 1334 397
202 1260 379 1352 Ἀμμωνίῳ
410 1270 456 1352 τῷ
487 1263 711 1352 διαδεξαμὲνῳ
741 1264 796 1354 τὴν
819 1264 943 1354 σχολήν,
975 1269 1101 1334 etiamsi
1124 1287 1182 1350 per
1203 1289 1238 1334 sc

50 1378 206 1444 latiorem
237 1397 362 1445 sensum
392 1379 585 1456 admittant,
615 1383 784 1460 propterca
818 1381 900 1460 quod
937 1379 1121 1444 Ammonius
1152 1381 1236 1445 inter

51 1488 221 1570 proximos
251 1489 313 1555 fuit
335 1489 513 1556 Aristarchi
535 1489 715 1570 discipulos,
749 1490 797 1554 ita
818 1491 1060 1570 interpretanda
1082 1509 1167 1572 osse,
1201 1497 1256 1556 ut

54 1599 205 1680 proxime
235 1607 308 1682 post
330 1600 552 1668 Aristarchum
582 1601 709 1668 scholae
739 1601 829 1666 illum
862 1601 1038 1682 praefuisse
1060 1603 1238 1669 credamus.

55 1711 145 1777 unde
167 1711 211 1776 nil
234 1713 295 1779 nisi
316 1709 507 1796 παράδοξον
529 1712 633 1779 clucet
655 1729 726 1778 csse
747 1711 895 1778 Ahrcnsii
917 1713 1113 1794 opinionem,
1142 1731 1237 1794 quam

56 1821 198 1904 protulit
212 1822 319 1890 Bucol.
336 1823 390 1890 Gr.
413 1825 524 1905 reliqq.
546 1824 579 1888 ΙΙ
595 1843 625 1906 p.
648 1823 816 1888 XXXVII:
838 1823 1038 1890 Ammonium
1054 1842 1079 1889 c.
1100 1825 1238 1888 medinm

59 1952 144 1998 saec.
178 1933 315 2014 primum
348 1954 376 1999 a.
400 1935 473 2001 Chr.
498 1935 612 2002 vixisse
639 1935 817 2016 putandum
848 1933 969 2017 esse1).
1012 1935 1097 2014 quod
1119 1938 1156 1998 ut
1178 1934 1239 2000 sibi

59 2044 279 2124 persuaderet,
300 2045 338 2110 V.
361 2047 392 2110 d.
414 2053 519 2111 motus
541 2052 591 2112 est
614 2046 730 2112 Suidae
751 2045 943 2111 testimoniis
964 2051 998 2110 et
1019 2046 1104 2127 quod
1127 2052 1184 2111 est·
1198 2047 1238 2110 dc
1311 2073 1313 2082 ν

59 2155 228 2222 Ammonio
251 2153 316 2238 πρὸ
338 2159 395 2222 τοῦ
416 2159 616 2245 μοναρχῆσαι
637 2153 694 2222 τδν
715 2151 909 2240 Αὔγουστον
938 2159 972 2221 et
993 2156 1077 2238 quod
1099 2157 1139 2220 de
1160 2157 1238 2238 Try·

62 2265 186 2347 phone,
216 2269 316 2332 nostri
338 2267 474 2335 sortasse
496 2268 571 2351 filio,
604 2269 722 2350 legitur
743 2263 881 2350 γεγονώς
902 2261 986 2330 κατὰ
1007 2262 1083 2342 τούς
1103 2258 1237 2350 Αὐγού-

64 2398 143 2442 στου
170 2373 303 2462 χρόνονς
333 2377 389 2444 καὶ
417 2374 588 2466 πρότερον.
631 2380 689 2445 sed
718 2380 758 2444 de
788 2377 838 2442 his
860 2379 937 2458 quid
960 2377 1163 2444 iudicandum
1186 2377 1239 2457 sit,

64 2509 148 2556 nunc
169 2491 312 2558 dubitari
334 2492 443 2574 nequit
465 2497 538 2574 post
552 2491 672 2557 Erwini
693 2489 805 2556 Rohde
826 2489 987 2571 egregiam
1002 2489 1239 2554 commentatio

66 2620 138 2666 nem
160 2595 289 2685 (Γέγονε
328 2602 360 2666 in
390 2603 450 2669 den
480 2603 694 2686 Biographica
732 2601 787 2665 des
821 2599 944 2665 Suidas’
975 2600 1128 2665 insertam
1158 2599 1238 2664 Mus.

66 2711 165 2776 Rhcn.
189 2718 211 2776 t.
234 2711 370 2778 XXXIII
401 2717 442 2794 (a.
466 2715 563 2799 1878)
596 2734 626 2796 p.
650 2710 828 2790 161-220,
861 2710 914 2776 ubi
936 2729 967 2791 p.
992 2709 1052 2775 168
1075 2710 1153 2777 haec
1175 2710 1239 2775 dis·

68 2828 176 2902 putat:
199 2823 298 2902 „Eine
313 2823 418 2891 solche
431 2825 688 2908 Ungcnauigkeit
710 2821 1062 2902 derZeitbestimmnng
1083 2821 1240 2903 hegegnet

68 2932 119 2998 bei
141 2933 254 3000 Suidas
285 2935 454 3003 hosondors
488 2935 596 3017 nsufig
627 2934 659 2998 in
689 2934 746 2998 der
768 2931 901 3000 Perinde
923 2933 1078 3000 zuischon
1101 2933 1158 2996 der
1179 2932 1240 2996 Re-

70 3045 200 3126 gierung
230 3047 286 3114 des
315 3046 516 3114 Ptolemaeus
537 3047 713 3128 Euergetes
735 3045 777 3126 11,
810 3045 867 3110 des
897 3044 1015 3108 ietzten
1037 3042 1240 3122 Ptolemaeis,

71 3153 150 3220 nach
172 3156 319 3222 walchem
336 3157 451 3224 Suidcs
473 3159 583 3237 datin,
605 3157 670 3222 und
693 3156 750 3221 der
764 3155 834 3220 Zeit
856 3155 912 3220 des
926 3156 1100 3235 Augustus.
1144 3153 1239 3218 Dicae

71 3268 161 3348 lange
176 3267 310 3334 Perinde
333 3271 410 3335 wird
432 3273 492 3335 mit
509 3269 584 3334 sehr
606 3250 767 3350 diirftigen
788 3267 852 3330 und
875 3284 1061 3346 ungenauen
1077 3264 1240 3345 Epochen-

72 3378 322 3461 heneichnungen
351 3379 549 3460 abgespeist:
580 3381 652 3446 dem
682 3377 945 3461 Synchronismus
975 3377 1034 3441 mit
1063 3375 1240 3455 Pompeius,

72 3490 130 3556 mit
151 3490 257 3556 Cicero
280 3491 343 3555 und
367 3491 541 3571 Antonius,
572 3491 687 3558 einmai
720 3492 792 3556 dem
814 3489 873 3553 mit
895 3486 995 3552 Sulla:
1028 3487 1098 3551 eine
1119 3504 1240 3566 genaue

73 3603 135 3668 und
154 3603 235 3670 feste
258 3603 411 3686 Fixirnng
432 3602 532 3668 fehlte
554 3603 626 3668 dem
642 3602 778 3684 Hesych.
801 3600 853 3665 fiir
875 3600 962 3666 diese
984 3616 1085 3682 ganne
1101 3597 1241 3662 Strecke.

21 3763 24 3774 .
75 3714 176 3780 Daher
208 3715 290 3780 deun
314 3711 380 3801 πρὸ
401 3715 458 3780 τοῦ
487 3715 685 3800 μοναρχῇσαι
716 3710 772 3776 τδυ
794 3707 987 3795 Αὔγουστον
1007 3709 1112 3776 nichts
1133 3709 1241 3774 weiter

77 3883 271 3890 ——·--—--—--

158 3977 186 4052 1)
208 3978 287 4048 „Gur
308 3977 397 4052 vulgo
421 3975 604 4047 Ammonius,
638 3973 745 4051 spretis
773 3972 834 4030 illis
857 3969 1035 4029 testimoniis
1058 3968 1177 4046 [Suidao
1200 3985 1239 4025 sc.

78 4102 99 4142 s.
119 4099 162 4138 vv.
183 4071 349 4151 Ἀμμώνιος
371 4084 401 4137 ot
428 4074 581 4154 Τρύφων],
609 4077 765 4154 proximus
788 4073 954 4133 Aristarchi
978 4090 1128 4131 successor
1149 4068 1241 4127 fuisso

80 4183 223 4254 credatur,
245 4200 350 4259 parum
373 4181 522 4259 porcipio;
556 4181 676 4239 minimo
697 4179 776 4237 onim
799 4177 927 4236 traditur
954 4166 1020 4251 παρ’
1046 4164 1241 4249 Ἀριστάρχου

80 4277 129 4360 τὴν
149 4277 250 4359 σχολὴν
272 4281 475 4356 διαδέξασθαι,
499 4305 554 4344 nso
570 4283 728 4363 quicquam
743 4279 852 4339 dicitur
873 4279 930 4338 nisi
947 4276 1135 4337 Ammonium
1150 4294 1241 4334 unum

81 4409 116 4449 ex
135 4387 295 4447 Aristarchi
318 4387 535 4448 successoribus
556 4388 677 4446 fuisso.“
