2962 4812
721 186 931 252 ,36-

238 355 368 437 Dionys.
401 356 479 436 730,
511 355 571 436 22,
597 356 652 421 ubi
683 355 895 442 Πτολεμαῖος
922 351 940 422 ὁ
969 350 1235 442 Περιπατητικός
1256 359 1419 438 comparet

236 466 381 548 Dionysii
414 467 636 550 grammatices
665 467 879 535 definitionem
910 469 1101 551 impugnans
1115 468 1154 550 ¹).
1206 472 1346 532 ceterum
1382 466 1417 530 in

234 577 317 642 hanc
341 578 563 658 coniecturam,
586 581 671 661 quod
694 579 739 646 ibi
761 579 978 646 Ascalonitam
1000 578 1090 645 innui
1112 584 1218 660 putat,
1240 597 1335 660 quam
1356 595 1416 658 pro

233 707 292 756 sua
314 689 363 755 vir
385 689 589 758 doctissimus
611 692 731 770 rendit,
754 691 855 756 multo
877 695 952 758 ante
976 691 1039 758 iam
1062 690 1219 757 inciderat
1240 689 1416 770 Fabricius,

232 801 265 866 in
288 801 325 866 B.
349 801 403 866 Gr.
426 806 448 866 t.
472 800 739 883 Π150401111,
766 802 824 868 157
838 802 879 886 ¹).
923 821 1019 884 quam
1043 806 1086 870 nt
1115 800 1246 866 dubiam
1268 801 1414 883 equidem

231 915 263 980 in
286 914 390 979 medio
412 913 598 994 relinquam.
620 949 662 960 —
693 931 721 978 s.
744 913 872 980 Lersch.
895 913 1133 996 Sprachphilos.
1164 913 1198 994 I,
1228 912 1279 979 80.
1310 911 1415 978 Stein-

230 1025 307 1090 thal.
351 1025 402 1091 37.

315 1025 454 1204 obelorum
487 1133 565 1219 περὶ
586 1133 749 1222 διαφορᾶς
770 1132 890 1216 λέξεων
918 1135 1035 1202 librum
1066 1137 1152 1219 qnod
1175 1135 1291 1202 Suidas
1312 1135 1412 1200 Asca-

228 1249 347 1315 lonitae
369 1247 501 1330 tribuit,
523 1247 726 1313 Valckenarii
750 1247 926 1330 amplector
948 1246 1176 1328 suspicionem,
1200 1247 1255 1328 qui
1277 1246 1411 1312 schedas

228 1357 437 1441 inaequitas
462 1359 651 1440 inscriptum
674 1364 723 1424 est
745 1353 954 1442 Πτολεμαίου
982 1360 1040 1422 τοῦ
1066 1349 1311 1423 Ἀσκαλωνίτου
1333 1354 1411 1444 περὶ

228 1469 392 1557 διαφορᾶς
423 1467 543 1551 λέξεων
564 1489 644 1552 quas
666 1470 829 1552 evulgavit
850 1468 1265 1536 1011101111151-163
1288 1468 1411 1535 nonnisi

226 1583 266 1649 ab
289 1583 474 1650 recentioris
495 1583 566 1649 aevi
588 1582 767 1666 magistello
791 1601 834 1648 ex·
850 1582 1009 1647 Ammonii
1032 1581 1114 1649 libro
1137 1580 1314 1662 descriptas
1338 1599 1408 1646 cen-

227 1700 277 1761 set
306 1712 344 1760 ac
375 1693 506 1760 Suidam
536 1693 597 1760 hac
628 1713 666 1759 ex
698 1699 791 1776 parte
821 1693 1017 1760 ‘recentioris
1043 1692 1190 1774 magistri
1217 1691 1332 1758 fraude
1356 1693 1409 1758 de-

226 1803 379 1886 ceptum’;
411 1825 441 1872 s.
463 1804 613 1871 Valcken.
636 1804 740 1871 Praei.
771 1805 803 1871 in
826 1806 971 1871 Ammon.
1000 1824 1032 1886 p.
1055 1804 1176 1884 XXX13
1207 1822 1238 1884 p.
1262 1803 1334 1869 311.
1360 1805 1407 1868 12.

225 1917 306 1982 duas
328 1935 404 1983 vero
427 1916 602 1983 Ptolemaei
624 1917 845 1986 distinctiones
872 1935 951 2000 quas
974 1917 1105 1982 laudato
1127 1920 1258 1982 auctore
1279 1915 1408 1979 Ammo-

223 2027 295 2093 nius
318 2025 440 2111 adfert,
472 2028 556 2095 iuter
584 2023 708 2115 τρίετες
730 2035 762 2095 et
784 2024 907 2116 τριετές
936 2033 968 2094 et
1000 2019 1406 2113 111101σ1οφύληο1στα-

313 2203 340 2278 1)
365 2204 435 2282 quid
459 2201 560 2262 enim?
592 2179 674 2262 cnm·
689 2201 788 2264 ubivis
810 2208 913 2262 noster
941 2192 1197 2277 ὄἈσκαλοονίτης
1218 2200 1323 2260 audiat
1345 2200 1405 2276 (vel

223 2303 400 2381 simpliciter
424 2305 632 2384 Πτολεμαῖος),
656 2305 720 2364 sani
743 2325 814 2364 num
829 2325 933 2366 sensus
956 2310 1081 2364 estune
1104 2304 1169 2364 loeo
1186 2303 1212 2363 ei
1235 2303 1404 2363 inauditum

225 2426 388 2481 cognomen
421 2397 439 2466 o‘
470 2400 667 2486 Περγαμηνός
697 2407 873 2485 praesertim
911 2429 966 2487 per
999 2408 1199 2468 coniecturam
1229 2405 1403 2467 intrudere?

221 2515 312 2588 utque
335 2510 435 2570 omnia
458 2529 534 2590 quae
557 2510 795 2571 Graefenhanius
817 2511 851 2588 (t.
873 2512 925 2570 III
946 2532 974 2589 p.
992 2510 1045 2588 38)
1068 2530 1122 2586 pro
1144 2509 1203 2569 ista
1225 2529 1258 2569 10
1280 2510 1403 2586 profert,

220 2613 377 2672 admodum
391 2612 491 2672 futilia
503 2617 581 2672 sunt.
606 2614 684 2694 quod
696 2613 776 2673 enim
798 2614 892 2687 inicit,
910 2613 1121 2694 peripateticos
1136 2631 1154 2671 a
1165 2612 1199 2671 II
1211 2611 1282 2671 inde
1294 2631 1321 2671 a.
1334 2613 1403 2672 chr.

220 2715 338 2775 saeculo
370 2715 476 2775 studiis
499 2716 698 2791 grammaticis
721 2716 870 2776 destitisse
896 2736 1005 2795 parum
1027 2715 1107 2778 valet
1137 2717 1172 2775 ad
1194 2717 1275 2774 hunc
1295 2713 1402 2789 locum,

220 2819 330 2898 quippo
359 2818 411 2877 ubi
435 2819 623 2878 Ptolemaeus
645 2819 865 2896 Peripateticus
894 2819 975 2880 inter
996 2818 1176 2897 Dionysium
1205 2817 1349 2877 afferatur
1372 2825 1402 2878 01

218 2921 444 2998 Asclepiadem:
476 2922 651 2981 referendus
673 2922 767 2996 igitur
789 2927 835 2982 est
857 2922 894 2981 ad
917 2923 1022 2983 exiens
1043 2919 1079 2980 ΙΙ
1102 2941 1178 2981 saec.
1202 2920 1294 3001 (quod
1317 2921 1402 2980 deni·

219 3043 277 3103 que
298 3024 330 3083 in
355 3023 556 3084 Ascalonitam
587 3044 647 3083 non
678 3025 754 3084 male
788 3025 935 3104 quadret).
982 3031 1072 3104 atquc
1102 3025 1181 3104 quod
1209 3023 1309 3100 paullo
1332 3029 1402 3101 post

217 3127 257 3205 (p.
275 3130 345 3200 615,
373 3126 423 3205 10)
446 3127 554 3187 Sextus
573 3126 738 3187 Ptolemaei
760 3127 952 3200 definitionis,
976 3128 1028 3187 nbi
1052 3127 1088 3186 de
1103 3127 1280 3204 Asclepiade
1302 3146 1400 3191 sermo

217 3233 271 3302 ast,
295 3229 392 3288 denuo
415 3229 599 3290 mentionem
613 3229 719 3290 iniecit
741 3229 917 3305 cognomine
938 3229 992 3289 illo
1015 3250 1077 3290 non
1100 3229 1210 3303 addito,
1234 3229 1306 3308 quid
1328 3229 1401 3289 hino

216 3337 365 3412 sequetur,
388 3334 564 3410 praesertim
580 3353 646 3392 oum
660 3333 869 3411 Asclepiadem
885 3333 1055 3392 0101010111
1070 3331 1163 3392 iniisse
1184 3331 1237 3390 nni
1254 3331 1399 3391 (1100101-

214 3434 305 3494 hanio
327 3435 371 3494 ita
393 3440 507 3496 certum
529 3435 588 3496 sit?
611 3435 661 3513 (of.
677 3435 835 3497 Stointhal.
858 3455 887 3512 p.
905 3435 990 3514 538).
1035 3435 1073 3494 ad
1095 3440 1276 3512 postremum
1298 3439 1399 3494 aulem

216 3537 454 3598 Graefenhanius
476 3539 508 3598 in
532 3538 641 3598 circulo
664 3539 772 3598 vitioso
796 3543 942 3600 versatur.

299 3641 335 3701 de
365 3640 527 3702 certamine
557 3641 622 3716 illo,
655 3642 848 3716 grammatica
876 3646 977 3702 utrum
999 3635 1083 3718 τέχνη
1114 3640 1153 3700 111
1182 3657 1219 3698 an
1251 3634 1397 3718 ἐμπειρία,

213 3749 318 3805 exorto
340 3765 368 3804 v.
393 3763 469 3824 quae
492 3745 604 3822 optime
626 3744 767 3804 disseruit
788 3744 987 3806 Steinthalius
1008 3765 1037 3823 p.
1063 3747 1122 3802 534
1146 3761 1212 3822 sqq.

298 3847 330 3924 11)
353 3867 380 3908 v.
404 3847 511 3907 Baehr.
539 3847 571 3906 in
594 3847 700 3925 Paulyi
723 3847 783 3907 ER.
808 3869 830 3908 1.
853 3869 882 3909 v.
910 3847 1098 3906 Ptolemaeus
1123 3849 1188 3920 60):
1218 3877 1278 3919 „--
1302 3865 1332 3904 as
1354 3846 1396 3905 ist

210 3949 291 4012 wohl
330 3949 383 4009 der
420 3949 468 4008 bei
507 3951 573 4010 dem
612 3949 788 4010 arabischen
820 3949 1038 4010 Schriftsteller
1066 3947 1318 4008 Dschemaluddin
1349 3949 1394 4008 als

209 4052 375 4126 Anhttnger
411 4051 463 4110 des
494 4052 671 4113 Aristoteles
705 4052 899 4114 bezeichnels
933 4052 1100 4130 Philosoph
1133 4051 1222 4126 Ptol,
1263 4051 1395 4115 walchen

210 4155 259 4213 ein
281 4155 366 4214 Bnoh
396 4157 473 4215 iiber
504 4156 554 4215 des
576 4154 756 4230 Aristoteles
778 4157 900 4231 cheu,
930 4156 992 4214 nod
1023 4154 1085 4214 und
1108 4153 1156 4214 die
1178 4154 1271 4230 Fulge
1294 4155 1394 4214 seiner

209 4257 361 4316 Schriften
383 4259 534 4332 abgefasst
555 4259 639 4317 hatte
662 4263 732 4318 —“.
755 4260 792 4319 of.
810 4259 934 4319 Bekker.
956 4258 990 4316 in
1011 4257 1073 4317 ind.
1096 4256 1179 4316 Sext
1204 4258 1290 4336 Emp.
1313 4279 1337 4317 1.
1360 4279 1390 4319 v.

211 4356 398 4436 Πτολεμαῖος
420 4349 439 4416 o‘
463 4353 711 4438 Περιπατητικός.
