2962 4812
698 211 739 221 -
782 174 825 238 42
869 211 910 222 .-

213 341 273 408 hoc
294 341 423 426 quidem
445 347 534 410 tenet
549 343 686 426 clinton,
709 345 743 410 F.
766 345 807 410 H.
829 345 888 427 111,
910 346 951 412 89
975 364 999 411 s.
1018 364 1047 410 a.
1065 346 1143 412 16οε
1166 381 1236 424 „—-
1260 343 1399 426 Satyrus

214 473 279 519 was
302 453 358 519 the
381 456 565 535 compauion
597 453 631 520 of
651 457 877 538 Aristarchus,
907 456 976 522 who
1003 455 1176 522 flourished
1205 456 1309 522 under
1340 455 1399 521 the
1477 489 1478 522 l

214 565 300 630 sixth
323 566 466 648 Ptolemy
490 603 541 631 -.
584 566 677 632 Phot.
701 568 769 634 cod.
793 567 872 634 (1Χο
895 605 946 631 -.
991 569 1047 634 We
1077 573 1164 632 must
1191 566 1268 632 herc
1296 566 1400 632 iuter-

213 683 287 759 pret
308 672 469 763 γνώριμος
499 679 723 760 ‘companion’,
746 684 802 744 not
831 677 1000 762 ‘disciple'3
1034 678 1168 745 because
1197 677 1400 755 Heraclides,

215 789 317 854 whom
349 789 483 872 Satyrus
512 790 688 872 preceded,
719 791 748 856 is
776 791 844 856 also
871 791 985 872 placed
1017 790 1049 854 in
1079 788 1135 855 the
1164 789 1255 870 reign
1285 787 1401 854 nithe

213 900 299 965 sixth
333 899 477 985 Ptolemy
508 906 578 948 -“
591 901 631 987 1).
675 904 732 968 sed
762 902 850 968 aliud
882 903 1046 969 contendit
1075 901 1267 978 Muellerus,
1295 899 1401 966 FHG.

213 1012 262 1076 111
284 1031 315 1093 p.
339 1012 410 1079 159.
454 1013 509 1094 qui
531 1013 605 1078 hinc
626 1012 806 1094 protectus,
836 1015 921 1096 quod
950 1012 1056 1097 Satyri
1084 1011 1250 1079 cuiusdam
1277 1029 1401 1077 memo-

217 1130 348 1204 rantur,
381 1130 418 1188 ut
446 1124 510 1190 alia
532 1125 637 1190 nescio
666 1125 756 1190 cuius
778 1132 920 1207 uocem,
950 1119 1066 1208 μύθων
1087 1115 1230 1210 ἀρχαίων
1251 1123 1401 1190 collectio

216 1231 268 1316 (fr.
291 1235 334 1299 22
356 1237 443 1317 apud
464 1235 624 1321 Mueller.)
657 1244 691 1302 et
723 1255 878 1319 pagorum
902 1235 1189 1302 Alexandrinorum
1211 1233 1401 1317 recensio²l

217 1343 269 1427 (fr.
291 1346 365 1428 21),
398 1347 523 1412 omnino
550 1347 648 1412 alium
680 1349 735 1429 qui
764 1348 845 1416 haec
867 1346 1091 1430 conscripserit
1112 1363 1150 1414 ac
1172 1344 1402 1427 philosophum

218 1475 288 1522 esse
320 1457 515 1538 eundemque
547 1464 644 1540 atque
672 1478 744 1524 eum
778 1460 833 1540 qui
863 1478 883 1524 a
913 1458 1027 1525 Photio
1058 1455 1237 1524 Aristarchi
1270 1456 1403 1520 dicatur
1478 1465 1479 1504 l

217 1568 437 1651 discipulus³)
460 1568 558 1653 (hunc
580 1569 664 1636 enim
686 1571 872 1653 plerumque
895 1588 965 1636 esse
987 1588 1115 1636 sensum
1138 1568 1256 1649 solere,
1278 1565 1334 1631 ubi
1357 1566 1403 1632 dc
1478 1605 1479 1654 1

218 1679 358 1744 literatis
379 1697 484 1746 sermo
507 1680 558 1758 sit,
580 1681 666 1748 vocis
687 1676 863 1768 γνώριμος)
886 1681 947 1747 sibi
969 1682 1137 1763 persuasit
1181 1679 1267 1750 idem
1289 1683 1404 1742 censet
1478 1707 1479 1710 ¹

220 1790 521 1876 Westermannus⁴)
543 1791 574 1857 in
591 1793 704 1876 Paulyi
725 1793 792 1858 ER.
815 1812 838 1858 s.
855 1811 883 1858 v.
904 1793 1089 1876 Satyrou).
1111 1830 1152 1839 —
1164 1809 1309 1872 ,quorum
1325 1807 1403 1854 sen-

308 2105 338 2180 l)
359 2105 396 2165 cl.
419 2105 580 2166 Steinhart.
610 2105 734 2190 Plutone
765 2107 883 2180 Lehen,
917 2126 945 2182 p.
971 2110 1019 2164 18.
1062 2105 1145 2163 Jons.
1175 2100 1296 2178 Scriptt.
1325 2098 1403 2158 hist.

219 2205 292 2282 phil.
316 2207 357 2280 II,
385 2212 431 2281 ll,
455 2214 488 2267 2:
515 2208 700 2282 „Aristarchi
721 2209 876 2268 familiaris
898 2215 962 2268 erat
983 2208 1106 2286 Satyrus
1127 2237 1187 2276 -‚
1219 2201 1402 2278 Peripateti-

220 2329 271 2367 cus
292 2308 350 2368 fuit
371 2310 566 2388 philosophus
588 2315 657 2368 ——“.
680 2312 819 2389 Parthey,
842 2313 903 2371 Das
925 2311 1002 2370 alex.
1019 2311 1096 2368 Mus.
1111 2328 1140 2386 p.
1158 2311 1236 2365 208:
1259 2339 1325 2379 „—
1348 2305 1405 2362 Sa·

219 2415 304 2488 tyrus
327 2413 379 2472 der
393 2413 621 2491 Peripatetiher,
645 2417 699 2476 mit
717 2417 782 2476 dem
798 2415 960 2474 Boinamen
982 2414 1052 2490 ζῆτα
1074 2446 1124 2485 -,
1147 2409 1196 2469 ein
1211 2407 1407 2484 Zeitgenosse

220 2513 271 2572 des
293 2514 448 2576 hristaroh
468 2552 509 2561 -
521 2521 546 2577 “.

307 2618 338 2693 2)
361 2617 539 2697 philosopho
563 2619 669 2681 tribuit
691 2624 801 2682 Matter
822 2604 873 2681 llo.
897 2616 971 2680 u'sl.
994 2619 1019 2693 1,
1046 2623 1114 2678 161.

224 3030 327 3099 (Arist.
358 3051 387 3107 p.
423 3037 492 3092 216.
527 3053 576 3113 qu.
608 3053 675 3110 epp.
714 3039 750 3092 19
782 3031 859 3114 sqq.)
890 3030 1060 3102 verissimo,
1096 3035 1227 3088 attamen
1257 3026 1408 3086 seriorum

222 3134 400 3211 scriptorum
421 3135 547 3212 epitheti
568 3136 651 3196 illins
671 3136 897 3213 interpretatio,
926 3133 1062 3214 quamvis
1094 3149 1148 3208 per
1177 3150 1209 3190 se
1239 3129 1280 3190 sit
1300 3147 1406 3206 prave,

222 3237 335 3317 aliquid
356 3239 483 3316 probare
504 3245 613 3317 potest.

309 3339 341 3416 4)
363 3339 414 3420 qui
437 3362 466 3402 v.
489 3343 516 3402 d.
539 3362 613 3422 quas
634 3342 743 3418 allegat
762 3343 855 3419 ipsius
877 3343 1003 3421 quaesti.
1026 3339 1156 3398 Damnst
1181 3337 1239 3409 IV,
1263 3339 1312 3408 32,
1346 3333 1408 3392 1186

224 3442 298 3502 mihi
319 3461 380 3504 non
403 3450 520 3520 praesto
543 3446 635 3504 fuero.

312 3545 342 3622 5)
372 3547 409 3605 ad
436 3547 570 3609 divorsos
600 3549 787 3626 accipiendos
822 3553 956 3608 auctores
989 3547 1078 3606 etiam
1108 3541 1240 3602 Zellerns
1268 3539 1407 3613 inclinat,

225 3650 281 3709 Die
307 3649 501 3726 Philosophie
528 3651 581 3710 der
611 3650 757 3711 Grieohen
787 3650 829 3724 H,
854 3650 914 3722 2³,
942 3669 971 3726 p.
1003 3652 1074 3706 931.
1106 3649 1176 3704 982.
1210 3645 1262 3704 sed
1288 3643 1314 3702 is
1344 3662 1408 3722 quo

116 3790 124 3801 ι
225 3754 362 3829 spectans
392 3754 466 3812 haec
493 3752 619 3814 dixerit:
651 3753 737 3830 „[ein
759 3753 853 3812 Werk
883 3751 979 3814 worin
1001 3752 1048 3811 die
1070 3751 1185 3809 Demen
1207 3745 1409 3806 Alexandriae

226 3854 396 3931 ausgezahlt
417 3875 518 3917 waren
539 3892 580 3900 —
603 3855 664 3916 und
686 3857 753 3916 eine
775 3854 1037 3931 Sagensammlnng
1058 3885 1101 3898 -
1130 3853 1230 3910 haben
1251 3847 1410 3910 vielleicht

226 3949 313 4016 einen
327 3959 456 4033 jiingern
472 3959 656 4040 Gelehrten,]
678 3981 738 4021 von
761 3961 826 4018 dam
848 3959 905 4019 wir
925 3957 958 4015 in
974 3955 1084 4016 diesem
1099 3953 1165 4013 Fall
1187 3953 1271 4012 nicht
1285 3951 1406 4024 nissen,

227 4066 263 4124 ob
287 4085 319 4124 er
339 4065 506 4139 gleichlalls
528 4063 747 4139 Peripatetiker
769 4081 830 4123 war
861 4061 952 4138 (deun
982 4060 1031 4118 bei
1064 4057 1172 4116 Athen.
1206 4055 1288 4113 XIII
1318 4058 1409 4113 stoa

228 4173 310 4228 kann
331 4187 389 4226 nur
410 4186 501 4227 unser
523 4169 647 4245 Satyrus
669 4165 799 4239 gemeint
820 4163 899 4235 scin,
922 4161 1051 4223 welcher
1073 4161 1149 4220 duch
1172 4165 1255 4218 sonst
1276 4157 1332 4216 mit
1353 4158 1407 4216 der

228 4273 362 4349 gleichen
378 4269 588 4344 Bezeiohnung
610 4268 770 4344 angeliihrt
790 4264 886 4343 wird),
909 4259 990 4343 [rum
1005 4263 1170 4339 Verfasser]
1193 4265 1278 4334 -“,
1300 4279 1407 4336 parum

227 4377 381 4454 adsequor.

308 2720 339 2799 3)
360 2741 421 2780 non
444 2724 554 2783 absone
577 2725 738 2784 Muellerus
760 2725 780 2784 l.
802 2725 839 2784 l.:
871 2722 977 2798 „Quod
1010 2721 1163 2798 epitheton
1195 2717 1294 2800 [ζῆτα]
1324 2721 1408 2778 bene
1479 2729 1480 2734 ’

223 2825 301 2885 cadit
329 2825 360 2884 in
390 2826 567 2887 laboriosam
596 2827 684 2887 istam
706 2828 923 2906 periegetarum
954 2826 989 2884 de
1011 2823 1085 2883 locis
1107 2843 1269 2902 corumque
1290 2821 1408 2880 fabulis

225 2929 443 3008 diligentiam“;
477 2947 545 2988 uem
578 2929 660 2991 salvo
688 2930 799 2990 iudicio
829 2931 908 3010 quod
939 2929 975 2986 de
1006 2928 1064 2986 hoc
1091 2925 1162 2986 tulit
1190 2926 1229 2986 Κ.
1256 2924 1406 2984 Lehrsius
