2962 4812
563 121 775 187 ..23-

49 291 173 374 1865)
206 313 239 375 p.
263 294 302 373 3,
335 292 373 358 cl.
396 311 427 372 p.
450 291 480 372 6,
502 289 688 358 Moscheum
710 291 792 356 illud
813 307 882 356 esse
904 307 938 356 se
960 289 1253 358 demonstraturum

47 405 147 472 satis
175 402 379 486 praestitisse
401 407 458 470 aut
479 403 621 483 potuisse
642 407 807 484 proestare
828 401 1018 483 putaverim.

153 517 227 581 iam
251 533 326 580 vero
347 515 471 597 longius
493 513 634 580 lenimur.
665 513 774 578 Bionis
795 511 959 595 epitaphio
982 512 1022 579 eb
1045 513 1174 580 Moscho
1197 515 1254 582 ab·

50 631 203 707 rogato,
237 626 386 708 quoniam
416 645 455 692 ex
476 643 512 691 eo
534 625 734 707 potissimum
764 641 863 706 eoque
893 623 1015 689 Moschi
1043 643 1112 690 esse
1140 630 1255 707 putato

52 737 180 803 adhuc
204 737 268 802 viri
290 737 375 802 docti
403 755 484 819 quae
513 737 553 801 de
580 735 811 814 bucolicorum,
838 735 962 800 Moschi
983 743 1070 804 certe
1092 743 1124 802 et
1147 737 1255 803 Bionis

53 847 146 914 vitis
172 848 400 932 aetatibusque
422 847 681 929 pronuntiarent,
714 846 780 913 fere
801 845 906 912 omnio
929 847 1119 914 hauserunt:
1148 848 1254 914 viden·

56 961 145 1026 dum
173 959 318 1042 profecto
342 959 446 1040 nohis,
473 959 499 1024 si
523 959 599 1040 quid
623 959 663 1022 de
685 958 731 1023 eis
752 962 875 1024 veteres
906 958 1025 1024 diserte
1054 960 1258 1026 tradiderint.

57 1091 101 1136 en
128 1089 254 1153 pauco,
277 1071 334 1138 sed
356 1088 438 1152 quoe
459 1070 581 1151 aliquid
603 1069 717 1136 docere
739 1070 918 1135 videantur.
948 1070 1064 1138 Suides
1078 1079 1205 1154 praeter
1221 1091 1259 1138 eo

61 1202 155 1266 quae
179 1201 278 1264 supra
300 1182 436 1264 protuli,
466 1201 491 1246 s.
522 1201 552 1248 r.
587 1177 761 1268 Θεόκριτος
781 1181 861 1248 hoec
882 1182 1030 1265 praebet:
1058 1186 1147 1272 τρεῖς
1167 1178 1257 1268 γεγό-

62 1313 146 1360 νασι
186 1293 386 1378 comotione
421 1290 510 1358 ἐντῶν
548 1287 699 1378 ποιηταί,
744 1286 918 1380 Θεόκριτος
952 1289 1080 1376 οὑτοσὶ,
1122 1291 1259 1376 Μόσχος

65 1399 275 1492 Σικελιώτης
295 1401 351 1468 καὶ
374 1399 464 1470 Βίων
486 1398 504 1470 ὁ
527 1404 718 1488 Σμυρναῖος.
741 1404 836 1470 schol.
860 1405 987 1471 anthol.
1010 1405 1076 1471 Pel.
1097 1407 1153 1489 IX,
1174 1408 1257 1475 440:

65 1510 169 1594 οὗτος
192 1513 212 1582 ὁ
234 1511 374 1596 Μόσχος
397 1510 532 1604 ποιητής
554 1513 624 1580 ἐστι
647 1517 711 1580 τῶν
732 1515 937 1602 καλουμένων
950 1515 1148 1600 comotione
1161 1538 1257 1605 ποιη-

66 1632 157 1710 τῶν,
188 1617 234 1693 ὧν
264 1631 397 1713 πρῶτος
422 1621 612 1714 Θεόκριτος,
644 1623 791 1716 δεύτερος
820 1621 915 1705 αὐτὸς
937 1623 955 1692 ό
978 1622 1124 1709 Μόσχος,
1147 1625 1257 1714 τρίτος

70 1737 170 1806 Βόιον
194 1741 429 1826 Σμορνοῖοςὶ).
475 1739 617 1822 (Servius
649 1741 681 1806 in
713 1738 812 1822 praef.
836 1740 891 1804 ecl.
914 1739 1049 1824 Vergil:
1079 1740 1158 1821 „hoo
1188 1757 1257 1806 esse

68 1859 190 1935 poetae
212 1858 336 1918 testans
359 1851 543 1934 consilium,
572 1857 610 1917 ut
634 1851 778 1918 imitetur
800 1850 1001 1917 Theocritum
1024 1851 1255 1934 Syracusanum

71 1961 239 2028 meliorem
272 1963 402 2028 Moscho
432 1967 466 2028 et
495 1962 626 2040 ceteris,
658 1963 712 2042 qui
734 1959 877 2028 bucolica
900 1961 1140 2048 scripserunt“.)
1155 1965 1191 2043 ²)
1213 1997 1255 2010 -

72 2075 157 2140 haec
178 2074 279 2156 igitur
302 2072 485 2140 testimonia
507 2073 612 2138 omnia
633 2071 763 2139 Moscho
793 2073 964 2140 secundum
989 2074 1022 2140 in
1044 2073 1255 2142 bucolicorum

74 2190 244 2267 poetarum
266 2185 349 2252 seria
370 2184 474 2252 locum
496 2183 669 2263 vindicant,
691 2184 823 2250 tertium
848 2185 956 2266 Bioni3
979 2185 1124 2267 neglecta
1146 2191 1255 2254 autern

77 2303 155 2362 sunt
182 2296 222 2363 ab
245 2296 390 2364 omnibus
418 2295 485 2363 fere
508 2296 584 2362 viris
614 2297 716 2362 doctis
746 2301 879 2378 propter
908 2315 1004 2362 unum
1034 2297 1124 2362 illum
1146 2299 1255 2364 Bionis

76 2409 275 2491 epitaphium
310 2407 439 2474 Moscho
475 2409 664 2491 ascriptum:
700 2425 762 2490 quo
795 2411 983 2490 argumento
1015 2407 1141 2477 sublato
1174 2411 1253 2477 nihil

77 2538 208 2602 prorsus
229 2525 279 2586 est
302 2521 386 2603 quod
411 2519 537 2586 abillis
564 2519 755 2586 testimoniis
776 2520 968 2586 recedemus.
1005 2523 1150 2604 egregrie
1176 2521 1254 2589 hoec

78 2632 218 2698 ostendit
238 2631 292 2698 Fr.
315 2631 488 2698 Buecheler
509 2632 541 2697 in
565 2631 645 2696 Mus.
668 2631 767 2696 Rheu.
790 2635 813 2696 t.
835 2631 925 2696 XXX
946 2651 977 2713 p.
999 2633 1058 2712 33,
1092 2633 1147 2715 qui
1168 2632 1252 2698 idem

78 2741 311 2824 inscriptionem
340 2745 407 2809 cod.
429 2743 489 2809 Vd.
522 2735 711 2822 ‘Mooxooi
737 2737 925 2830 Θεοκρίτοο’
947 2743 1120 2826 profectam
1143 2761 1253 2812 essee

81 2853 195 2920 ‘stulto’
216 2853 272 2921 illo
295 2858 480 2922 ‘commento
501 2862 535 2922 et
556 2855 676 2924 recenti
698 2855 907 2937 adglutineto’
928 2855 1136 2938 probabiliter
1149 2857 1253 2938 suspi-

82 2965 220 3050 caturi).
253 3001 291 3012 -
323 2965 481 3034 mittenda
503 2967 603 3049 igitur
631 2967 695 3034 isto
716 2967 810 3050 uulgo
832 2968 972 3050 tradita,
1003 2987 1116 3051 porum
1144 2971 1251 3036 tomen

82 3078 201 3144 firmato
222 3077 345 3160 opinio,
376 3097 438 3160 qun
459 3077 625 3146 Moschum
647 3079 756 3146 Bionis
778 3079 967 3162 discipulum
990 3079 1179 3162 credebant,
1213 3097 1251 3147 oc
1294 3067 1305 3096 ⁴

84 3191 265 3256 statuendus
297 3207 367 3254 eum
399 3189 593 3257 Buechelero
625 3189 678 3258 hic
710 3196 886 3272 tempomm
923 3191 1016 3256 ordo:
1053 3190 1249 3275 Theocritus,

84 3301 232 3381 Moschus,
250 3301 340 3367 Bion.

166 3565 190 3636 l)
219 3581 295 3643 quae
324 3583 384 3622 non
414 3581 513 3622 moror
543 3560 744 3638 Hortungium
774 3567 845 3640 p.2
876 3581 892 3621 e
923 3561 1014 3622 buida
1043 3563 1158 3624 detorta
1186 3583 1250 3624 esse

86 3665 279 3742 suspicantem,
303 3679 481 3745 quamquam
497 3665 574 3726 obici
590 3664 617 3726 ei
632 3669 732 3744 potest
745 3665 940 3738 scholiastam,
963 3664 989 3724 si
1005 3663 1124 3724 fluidam
1147 3666 1248 3727 einero

86 3769 187 3827 iontem
207 3768 394 3844 inspexisset,
417 3769 460 3828 ito
481 3789 542 3829 non
565 3769 732 3830 additurum
753 3769 844 3830 fuisse
867 3787 944 3848 quae
958 3767 1058 3845 paullo
1080 3775 1148 3844 post
1164 3789 1248 3847 prae·

87 3872 134 3930 het
152 3871 303 3951 (siquidem
326 3872 403 3930 idern
427 3890 462 3930 eu
483 3871 610 3950 addidit)
633 3862 700 3931 οὔτε
724 3863 775 3929 τόν
799 3865 906 3949 χρόνον
928 3863 998 3930 καθ’
1024 3862 1059 3928 όν
1080 3857 1116 3948 ἦν
1138 3864 1157 3930 ό
1178 3865 1247 3931 Μό-

88 3966 297 4052 exceptorium
318 3969 376 4035 11τὲ.

163 4078 191 4153 2)
212 4079 248 4137 of.
272 4079 444 4140 Buecheler.
469 4079 487 4138 1.
510 4099 581 4139 mox
603 4077 758 4138 laudando.

163 4180 190 4259 ³)
210 4181 246 4240 cf.
278 4181 405 4241 Abrens.
440 4183 541 4242 Bucol.
564 4181 639 4242 Bell.
662 4180 696 4240 11
717 4199 745 4256 p.
770 4184 838 4242 454.
870 4213 911 4224 -
944 4179 1032 4242 aliter
1061 4180 1247 4258 Hertungius

89 4307 117 4365 p.
136 4292 160 4345 9.
