2962 4812
734 205 942 275 -62..

243 377 399 442 momenti
432 383 508 442 sunt
537 395 619 460 quae
650 383 778 444 exstent
807 377 1124 444 schol.Ran.1028.
1168 379 1213 444 ibi
1234 379 1336 461 igitur
1359 397 1448 446 cum

247 487 291 552 sit
313 487 503 569 disceptatio
533 489 573 554 de
595 507 744 569 perverso
767 489 887 554 tradito
916 493 1031 570 poetae
1054 507 1083 554 v.
1106 484 1223 576 ἐχάρην
1243 490 1328 574 γοῦν,
1352 481 1446 576 ἡνίκ’

244 593 367 683 ἤκουσα
395 596 474 684 περὶ
503 595 645 686 Δαρείου
674 600 907 684 τεθνεῶτοςῑ),
942 600 996 682 qui
1026 621 1054 666 x.
1078 603 1119 666 ad
1142 601 1257 666 Persas
1280 601 1447 684 Aeschyli

243 713 381 792 spectat,
404 718 573 794 postquam
597 710 709 777 scholii
732 711 825 776 initio
848 719 1045 793 quantopere
1068 711 1123 778 illa
1146 729 1217 777 cum
1240 712 1326 780 veris
1350 731 1451 794 pug-

244 827 320 887 nent
342 857 384 870 -
406 843 507 906 neque
530 823 613 888 enim
635 823 669 888 in
693 823 799 890 Persis
816 820 996 905 Aeschyleo
1019 822 1108 887 Darii
1130 823 1271 888 nuntiari
1293 828 1445 888 mortem

244 969 286 978 -
310 934 489 1015 expositum
511 939 576 1011 est,
606 933 685 999 varii
710 934 783 999 dein
806 933 1011 1014 interpretes,
1034 934 1132 999 variis
1154 935 1209 1016 qui
1231 933 1335 1000 modis
1360 951 1441 997 rem

245 1044 461 1127 expedierint,
491 1045 685 1125 efferuntur,
717 1050 815 1125 atque
847 1047 878 1112 in
903 1046 953 1110 his
974 1047 1098 1127 primus
1120 1044 1270 1112 Chaeris:
1305 1047 1445 1128 Χαῖρις

245 1150 284 1218 de'
308 1175 389 1241 φησι
411 1152 449 1220 τὰ
473 1150 614 1242 Δαρείου
636 1147 709 1220 ἀντὶ
731 1155 790 1219 τοῦ
813 1153 947 1242 Ξέρξου.
991 1151 1131 1241 σύνηθες
1152 1153 1213 1242 γὰρ
1236 1156 1308 1232 τοῖς
1330 1179 1443 1242 ποιη-

244 1267 319 1342 ταῖς
341 1263 486 1331 ἐπὶτῶν
515 1261 593 1332 υἱῶν
615 1269 687 1344 τοῖς
715 1269 779 1331 τῶν
810 1264 962 1350 πατέρων
984 1261 1121 1350 ὀνόμασι
1143 1269 1298 1355 χρῆσθαι.
1342 1265 1445 1351 πρὸς

246 1371 283 1440 ὅν
299 1375 389 1442 ἔστιν
403 1373 510 1444 εἰπεῖν
525 1373 575 1444 ὅτι
600 1375 634 1442 έν
649 1381 695 1467 τῷ
717 1374 862 1463 δράματι
884 1374 1011 1462 λέγεται
1033 1375 1166 1466 (Ξέρξης
1186 1375 1248 1462 μὲν
1269 1372 1368 1454 αὐτὸς
1393 1377 1441 1466 ζῇ

246 1486 498 1572 resolutiores
521 1481 624 1576 φαίοξ.
670 1496 767 1573 atque
789 1489 905 1554 iterum
930 1496 1094 1572 comparet
1111 1489 1279 1556 Chaeridis
1302 1495 1444 1556 senten-

246 1600 293 1664 tia
314 1601 345 1665 in
377 1603 482 1668 altera
504 1601 615 1668 scholii
645 1607 738 1684 parte
760 1609 832 1683 post
854 1591 971 1684 ἄλλως,
1004 1601 1058 1667 ubi
1081 1601 1237 1686 Didymus
1259 1601 1368 1667 varias
1393 1603 1441 1666 de

247 1731 280 1776 re
310 1713 474 1794 opiniones
504 1718 683 1778 enumerat:
714 1749 756 1760 -
787 1709 887 1792 (τινὲς
921 1709 958 1778 δὲ
993 1705 1156 1798 γράφουσι
1186 1708 1329 1800 Δαρείου
1371 1713 1439 1778 τοῦ

246 1819 385 1907 Ξέρξου)
408 1818 439 1888 oi
458 1822 503 1904 δέ,
527 1817 577 1889 ὅτι
601 1827 674 1900 τοῖς
694 1818 819 1907 κυρίοις
842 1815 913 1888 ἀντί
935 1823 1001 1888 τῶν
1016 1824 1273 1907 πατρωνυμικῶν
1297 1820 1442 1910 κέχρην-

248 1957 320 2014 ται,
352 1933 410 1999 καί
439 1927 491 1999 ὅτι
514 1931 600 2020 [ἔστι
626 1936 669 2020 Θ]
691 1931 709 2001 ὁ
733 1931 866 2020 Ξέρξης.
910 1930 956 2019 (οἱ
978 1933 1024 2014 δέ,
1048 1931 1099 1999 ὅτι
1121 1929 1259 1999 εἴδωλον
1286 1931 1442 2020 Δαρείου

247 2041 442 2130 φθέγγεται,
475 2043 597 2112 ἐκείνου
629 2043 721 2131 [ἐκεῖ.
767 2065 827 2120 ern,
848 2046 961 2130 Deba]
983 2041 1182 2130 ordenacione
1205 2039 1371 2130 δηλονότι)
1408 2049 1432 2130 ).

246 2157 278 2222 in
300 2158 372 2223 istis
394 2159 447 2224 vix
477 2175 607 2239 possum
638 2159 719 2224 satis
749 2159 860 2224 mirari
884 2156 1052 2224 Chaeridis
1080 2159 1311 2237 temeritatem,
1347 2174 1438 2238 quae

247 2269 335 2333 haud
358 2268 450 2334 facile
473 2270 607 2334 dixerim
638 2274 746 2334 utrum
769 2270 897 2351 gravior
920 2269 1070 2335 videntur
1091 2269 1122 2333 in
1146 2269 1255 2350 inepta
1278 2267 1338 2333 hae
1362 2269 1438 2348 opi·

250 2381 358 2460 nionc,
381 2399 445 2462 qua
466 2381 544 2462 ipsis
566 2380 746 2447 nominibus
767 2381 909 2463 propriis
932 2400 989 2464 pro
1012 2379 1240 2462 patronymicis
1262 2378 1310 2443 uti
1333 2377 1437 2444 licere

250 2492 354 2573 poetis
375 2491 535 2574 docuerit,
558 2511 598 2558 an
621 2493 654 2558 in
677 2510 723 2575 eo,
746 2493 829 2574 quod
853 2492 968 2558 Xerxis
991 2496 1125 2558 mortem
1149 2489 1298 2572 Aeschyli
1323 2491 1437 2556 Persis

335 2734 365 2812 1)
394 2755 450 2794 neo
473 2735 581 2812 minus,
603 2740 638 2794 ut
653 2740 893 2807 consentaneum,
916 2734 1088 2794 recentibus
1109 2733 1135 2792 is
1158 2753 1186 2794 v.
1209 2731 1441 2792 exercitationis

251 2838 395 2916 praebuit.
441 2837 558 2919 sliquos
580 2845 615 2898 ut
636 2838 768 2911 afferam,
791 2837 977 2898 Fritnsohius
1000 2837 1042 2896 sio
1065 2837 1200 2914 scripsit:
1232 2827 1339 2914 ἐχάρην
1361 2839 1441 2913 γοῦν

250 2941 287 3022 τῇ
310 2935 489 3022 νικηκούσας
506 2933 586 3019 παραὶ
610 2944 645 3000 Δ.
669 2963 692 2998 τ.
737 2941 894 3001 Dindorfio
916 2941 1015 3018 placet
1036 2940 1096 3000 ltu:
1120 2935 1228 3016 ἐχάρην
1250 2939 1324 3016 γοῦν
1344 2929 1441 3014 ἡνίκα

252 3035 346 3117 φάσμ’
385 3035 484 3120 ε’φαίνη
514 3043 642 3124 Δαρείου
672 3044 726 3102 τοῦ
756 3065 780 3103 τ.
811 3077 851 3090 -
882 3043 977 3103 fusius
1009 3044 1045 3102 de
1073 3043 1094 3103 l.
1121 3041 1324 3113 Fritaeahlus,
1355 3042 1438 3100 Ram.

250 3165 279 3222 p.
305 3150 484 3207 aar-335.

336 3249 368 3325 2)
390 3249 422 3308 in
452 3250 501 3310 his
531 3249 556 3310 si
579 3270 650 3312 vere
681 3255 742 3310 tres
771 3248 938 3310 sententies
962 3249 1205 3324 distinguuntur,
1226 3251 1279 3306 eut
1302 3245 1438 3324 Δαρείου

251 3357 321 3412 ante
344 3355 397 3412 τοῦ
421 3349 533 3431 Ξέρξου
556 3354 729 3428 delendum,
760 3358 812 3414 aut
842 3348 906 3412 ἀντί
928 3358 997 3412 ente
1025 3353 1057 3411 id
1078 3352 1273 3412 inserendum
1294 3348 1437 3422 videtum

250 3461 406 3536 praeterea
438 3475 502 3516 sese
532 3455 719 3536 commendat
749 3456 812 3517 cod.
837 3453 863 3513 Θ
886 3474 941 3516 scr.
972 3451 1023 3514 καὶ
1052 3453 1129 3516 locro
1152 3445 1170 3514 ὅ
1193 3448 1226 3518 Ξ.
1269 3452 1437 3511 habeamus

250 3559 294 3619 ita
315 3559 444 3635 primum
478 3579 544 3632 eos,
580 3558 630 3638 qui
662 3559 751 3618 etiam
781 3558 900 3633 longius
930 3577 1018 3638 quam
1041 3554 1165 3621 Chaerie
1195 3554 1346 3634 progressi
1378 3557 1435 3613 τοῦ

252 3657 379 3739 Ξέρξου,
411 3662 490 3742 quod
514 3661 565 3721 illa
587 3661 795 3736 subaudiebet,
828 3661 861 3720 in
893 3664 1009 3721 textum
1032 3661 1121 3720 etiam
1143 3659 1330 3739 receperint,
1362 3657 1435 3716 dein

250 3765 349 3842 ipsum
371 3765 561 3838 chaeridsm,
593 3769 742 3842 postremo
773 3785 838 3840 eos,
869 3764 920 3843 qui
948 3763 1079 3844 Δαρείου
1107 3765 1270 3830 τεθνεῶτος
1299 3760 1344 3820 nil
1374 3760 1435 3819 nisi

250 3867 335 3926 Darii
367 3869 499 3926 umbram
540 3863 597 3926 si'bi
629 3867 706 3927 velle
740 3867 918 3927 monuerint.
971 3868 1022 3926 ned
1059 3871 1140 3928 recte
1169 3867 1297 3926 fortasse
1333 3862 1434 3922 locum

250 3968 435 4030 Fritzsohius
467 3968 636 4030 emendavit
663 3969 796 4028 huncio
821 3970 955 4029 modum:
984 3964 1060 4039 τινὲς
1082 3965 1114 4029 δὲ
1136 3966 1266 4047 Δαρείου
1289 3957 1355 4024 dost
1380 3968 1434 4024 τοῦ

253 4068 381 4146 Ξέρξου,
419 4063 465 4130 ὅτι
502 4075 564 4140 τοῖς
600 4075 839 4151 αατρανυμικοῖς
877 4065 943 4131 ἀντὶ
981 4073 1042 4131 τοῖν
1070 4071 1181 4151 κυρίαν
1205 4068 1241 4144 [i]
1265 4063 1432 4147 κέχρηνται,

253 4172 283 4234 ol
304 4171 344 4250 δέ,
366 4167 412 4232 ὅτι
433 4175 468 4258 ζῇ
490 4171 532 4234 έτι
553 4165 571 4234 o‘
594 4169 713 4253 Ξέρξης,
736 4171 788 4234 καὶ
810 4167 854 4233 ὅτι
877 4171 1001 4234 εἴδωλον
1025 4173 1153 4254 Δαρείου
1175 4167 1337 4251 φθέγγεται
1361 4167 1430 4242 ἐκεῖ,

251 4269 432 4351 τεθνηκότος
455 4269 600 4353 δηλονότι.
644 4278 696 4351 „in
720 4277 767 4336 his
789 4277 936 4354 repetitur
959 4282 990 4338 et
1010 4279 1119 4338 iterum
1139 4276 1288 4336 refutatur
1310 4275 1431 4334 Chaeri-

253 4378 298 4436 dis
322 4379 433 4456 opinio,
456 4385 489 4438 ut
503 4381 578 4438 haec
593 4379 744 4438 simillime
760 4379 820 4439 sint
835 4381 1039 4457 superioribus
1063 4373 1301 4460 Χαῖρις·βλέοα
1323 4371 1431 4455 pange
