<?xml version="1.0" encoding="UTF-8"?>
<!DOCTYPE html PUBLIC "-//W3C//DTD XHTML 1.0 Transitional//EN"
    "http://www.w3.org/TR/xhtml1/DTD/xhtml1-transitional.dtd">
<html xmlns="http://www.w3.org/1999/xhtml" xml:lang="en" lang="en">
 <head>
  <title>
</title>
<meta http-equiv="Content-Type" content="text/html;charset=utf-8" />
  <meta name='ocr-system' content='tesseract 3.04.00' />
  <meta name='ocr-capabilities' content='ocr_page ocr_carea ocr_par ocr_line ocrx_word'/>
</head>
<body>
  <div class='ocr_page' id='page_1' title='image "./dearistarchidis01blaugoog_0055.png"; bbox 0 0 2962 4812; ppageno 0'>
   <div class='ocr_carea' id='block_1_1' title="bbox 693 213 906 280">
    <p class='ocr_par' dir='ltr' id='par_1_1' title="bbox 693 213 906 280">
     <span class='ocr_line' id='line_1_1' title="bbox 693 213 906 280; baseline 0 -18"><span class='ocrx_word' id='word_1_1' title='bbox 693 213 906 280; x_wconf 76' lang='lat' dir='ltr'>..4g...</span> 
     </span>
    </p>
   </div>
   <div class='ocr_carea' id='block_1_2' title="bbox 205 373 1404 802">
    <p class='ocr_par' dir='ltr' id='par_1_2' title="bbox 205 373 1404 802">
     <span class='ocr_line' id='line_1_2' title="bbox 205 373 1402 471; baseline 0.008 -26"><span class='ocrx_word' id='word_1_2' title='bbox 205 375 471 466; x_wconf 79' lang='grc' dir='ltr'><strong><em>Ὑιτοιττεριδίων</em></strong></span> <span class='ocrx_word' id='word_1_3' title='bbox 493 373 626 466; x_wconf 78' lang='grc' dir='ltr'><strong><em>ὀνείρων</em></strong></span> <span class='ocrx_word' id='word_1_4' title='bbox 647 385 698 462; x_wconf 84' lang='lat' dir='ltr'>(ex</span> <span class='ocrx_word' id='word_1_5' title='bbox 719 389 816 464; x_wconf 89' lang='lat' dir='ltr'>poeta</span> <span class='ocrx_word' id='word_1_6' title='bbox 838 383 953 466; x_wconf 87' lang='lat' dir='ltr'>aliquo,</span> <span class='ocrx_word' id='word_1_7' title='bbox 979 389 1016 450; x_wconf 93' lang='lat' dir='ltr'>ut</span> <span class='ocrx_word' id='word_1_8' title='bbox 1037 385 1178 471; x_wconf 85' lang='lat' dir='ltr'>videtur)</span> <span class='ocrx_word' id='word_1_9' title='bbox 1200 389 1233 452; x_wconf 91' lang='lat' dir='ltr'>in</span> <span class='ocrx_word' id='word_1_10' title='bbox 1255 389 1298 470; x_wconf 84' lang='lat' dir='ltr'>gl.</span> <span class='ocrx_word' id='word_1_11' title='bbox 1322 407 1402 454; x_wconf 90' lang='lat' dir='ltr'>eon-</span> 
     </span>
     <span class='ocr_line' id='line_1_3' title="bbox 210 483 1401 581; baseline 0.005 -23"><span class='ocrx_word' id='word_1_12' title='bbox 210 493 283 559; x_wconf 86' lang='lat' dir='ltr'>lusa</span> <span class='ocrx_word' id='word_1_13' title='bbox 305 499 339 557; x_wconf 92' lang='lat' dir='ltr'>et</span> <span class='ocrx_word' id='word_1_14' title='bbox 360 491 486 558; x_wconf 87' lang='lat' dir='ltr'>delecta</span> <span class='ocrx_word' id='word_1_15' title='bbox 502 493 608 576; x_wconf 89' lang='lat' dir='ltr'>Etym.</span> <span class='ocrx_word' id='word_1_16' title='bbox 631 494 673 560; x_wconf 91' lang='lat' dir='ltr'>M.</span> <span class='ocrx_word' id='word_1_17' title='bbox 697 514 728 577; x_wconf 90' lang='lat' dir='ltr'>p.</span> <span class='ocrx_word' id='word_1_18' title='bbox 749 495 821 574; x_wconf 84' lang='grc'><strong>783,</strong></span> <span class='ocrx_word' id='word_1_19' title='bbox 843 496 894 577; x_wconf 80' lang='lat'>20,</span> <span class='ocrx_word' id='word_1_20' title='bbox 916 495 970 561; x_wconf 93' lang='lat' dir='ltr'>ubi</span> <span class='ocrx_word' id='word_1_21' title='bbox 992 496 1193 564; x_wconf 87' lang='lat' dir='ltr'>Herodianus</span> <span class='ocrx_word' id='word_1_22' title='bbox 1214 483 1401 581; x_wconf 81' lang='lat' dir='ltr'>opinionem</span> 
     </span>
     <span class='ocr_line' id='line_1_4' title="bbox 211 599 1403 692; baseline 0.007 -24"><span class='ocrx_word' id='word_1_23' title='bbox 211 604 357 686; x_wconf 84' lang='lat' dir='ltr'>Dionysii</span> <span class='ocrx_word' id='word_1_24' title='bbox 380 604 500 672; x_wconf 91' lang='lat' dir='ltr'>Sidonii</span> <span class='ocrx_word' id='word_1_25' title='bbox 522 599 768 692; x_wconf 77' lang='grc' dir='ltr'><strong><em>ὑποπτεριδίων</em></strong></span> <span class='ocrx_word' id='word_1_26' title='bbox 789 608 955 689; x_wconf 87' lang='lat' dir='ltr'>probantis</span> <span class='ocrx_word' id='word_1_27' title='bbox 976 609 1163 690; x_wconf 81' lang='lat' dir='ltr'>impugnare</span> <span class='ocrx_word' id='word_1_28' title='bbox 1185 610 1322 676; x_wconf 88' lang='lat' dir='ltr'>videtur.</span> <span class='ocrx_word' id='word_1_29' title='bbox 1355 613 1403 676; x_wconf 92' lang='lat' dir='ltr'>de</span> 
     </span>
     <span class='ocr_line' id='line_1_5' title="bbox 211 715 1404 802; baseline 0.004 -19"><span class='ocrx_word' id='word_1_30' title='bbox 211 737 273 800; x_wconf 93' lang='lat' dir='ltr'>quo</span> <span class='ocrx_word' id='word_1_31' title='bbox 295 718 362 784; x_wconf 92' lang='lat' dir='ltr'>loco</span> <span class='ocrx_word' id='word_1_32' title='bbox 379 736 440 782; x_wconf 93' lang='lat' dir='ltr'>uon</span> <span class='ocrx_word' id='word_1_33' title='bbox 460 715 663 784; x_wconf 83' lang='lat' dir='ltr'>satisfaciunt</span> <span class='ocrx_word' id='word_1_34' title='bbox 676 718 827 786; x_wconf 90' lang='lat' dir='ltr'>Loheckii</span> <span class='ocrx_word' id='word_1_35' title='bbox 843 719 1042 786; x_wconf 88' lang='lat' dir='ltr'>coniecturae</span> <span class='ocrx_word' id='word_1_36' title='bbox 1058 719 1181 786; x_wconf 88' lang='lat' dir='ltr'>Pathol.</span> <span class='ocrx_word' id='word_1_37' title='bbox 1196 741 1226 802; x_wconf 94' lang='lat' dir='ltr'>p.</span> <span class='ocrx_word' id='word_1_38' title='bbox 1242 721 1304 786; x_wconf 79' lang='lat'>357</span> <span class='ocrx_word' id='word_1_39' title='bbox 1323 727 1404 788; x_wconf 86' lang='lat'><strong>-—“.</strong></span> 
     </span>
    </p>
   </div>
   <div class='ocr_carea' id='block_1_3' title="bbox 577 993 1023 1070">
    <p class='ocr_par' dir='ltr' id='par_1_3' title="bbox 577 993 1023 1070">
     <span class='ocr_line' id='line_1_6' title="bbox 577 993 1023 1070; baseline 0.007 -3"><span class='ocrx_word' id='word_1_40' title='bbox 577 993 699 1070; x_wconf 85' lang='lat' dir='ltr'><strong>xvn.</strong></span> <span class='ocrx_word' id='word_1_41' title='bbox 743 994 1023 1070; x_wconf 75' lang='lat' dir='ltr'>Parmeniscus.</span> 
     </span>
    </p>
   </div>
   <div class='ocr_carea' id='block_1_4' title="bbox 209 1170 1407 2926">
    <p class='ocr_par' dir='ltr' id='par_1_4' title="bbox 210 1170 1407 2143">
     <span class='ocr_line' id='line_1_7' title="bbox 296 1170 1405 1258; baseline 0.005 -22"><span class='ocrx_word' id='word_1_42' title='bbox 296 1170 517 1236; x_wconf 80' lang='lat' dir='ltr'>Parmeniscus</span> <span class='ocrx_word' id='word_1_43' title='bbox 546 1171 792 1251; x_wconf 84' lang='lat' dir='ltr'>grammaticus,</span> <span class='ocrx_word' id='word_1_44' title='bbox 825 1173 914 1239; x_wconf 87' lang='lat' dir='ltr'>cuius</span> <span class='ocrx_word' id='word_1_45' title='bbox 946 1174 979 1238; x_wconf 93' lang='lat' dir='ltr'>in</span> <span class='ocrx_word' id='word_1_46' title='bbox 1011 1174 1188 1257; x_wconf 91' lang='lat' dir='ltr'>complures</span> <span class='ocrx_word' id='word_1_47' title='bbox 1220 1175 1405 1258; x_wconf 85' lang='lat' dir='ltr'>scriptores</span> 
     </span>
     <span class='ocr_line' id='line_1_8' title="bbox 210 1282 1405 1367; baseline 0.004 -17"><span class='ocrx_word' id='word_1_48' title='bbox 210 1283 369 1350; x_wconf 79' lang='lat' dir='ltr'>exstitisse</span> <span class='ocrx_word' id='word_1_49' title='bbox 399 1282 642 1347; x_wconf 90' lang='lat' dir='ltr'>commentarios</span> <span class='ocrx_word' id='word_1_50' title='bbox 672 1289 816 1364; x_wconf 87' lang='lat' dir='ltr'>constat,</span> <span class='ocrx_word' id='word_1_51' title='bbox 848 1303 1039 1367; x_wconf 89' lang='lat' dir='ltr'>quamquam</span> <span class='ocrx_word' id='word_1_52' title='bbox 1069 1293 1157 1352; x_wconf 90' lang='lat' dir='ltr'>certo</span> <span class='ocrx_word' id='word_1_53' title='bbox 1179 1289 1220 1353; x_wconf 90' lang='lat' dir='ltr'>de</span> <span class='ocrx_word' id='word_1_54' title='bbox 1242 1307 1278 1354; x_wconf 92' lang='lat' dir='ltr'>eo</span> <span class='ocrx_word' id='word_1_55' title='bbox 1300 1291 1405 1355; x_wconf 88' lang='lat' dir='ltr'>testi-</span> 
     </span>
     <span class='ocr_line' id='line_1_9' title="bbox 210 1391 1407 1478; baseline 0.004 -17"><span class='ocrx_word' id='word_1_56' title='bbox 210 1395 314 1461; x_wconf 92' lang='lat' dir='ltr'>monio</span> <span class='ocrx_word' id='word_1_57' title='bbox 336 1409 500 1472; x_wconf 87' lang='lat' dir='ltr'>caremus,</span> <span class='ocrx_word' id='word_1_58' title='bbox 529 1391 613 1458; x_wconf 88' lang='lat' dir='ltr'>inter</span> <span class='ocrx_word' id='word_1_59' title='bbox 635 1393 813 1460; x_wconf 76' lang='lat' dir='ltr'>Aristarchi</span> <span class='ocrx_word' id='word_1_60' title='bbox 843 1395 1015 1478; x_wconf 89' lang='lat' dir='ltr'>discipulos</span> <span class='ocrx_word' id='word_1_61' title='bbox 1048 1398 1166 1463; x_wconf 87' lang='lat' dir='ltr'>aviris</span> <span class='ocrx_word' id='word_1_62' title='bbox 1197 1399 1300 1466; x_wconf 91' lang='lat' dir='ltr'>doctis</span> <span class='ocrx_word' id='word_1_63' title='bbox 1323 1399 1407 1466; x_wconf 88' lang='lat' dir='ltr'>iure</span> 
     </span>
     <span class='ocr_line' id='line_1_10' title="bbox 210 1501 1404 1592; baseline 0.003 -21"><span class='ocrx_word' id='word_1_64' title='bbox 210 1507 332 1572; x_wconf 88' lang='lat' dir='ltr'>relatus</span> <span class='ocrx_word' id='word_1_65' title='bbox 354 1511 422 1570; x_wconf 90' lang='lat' dir='ltr'>est:</span> <span class='ocrx_word' id='word_1_66' title='bbox 452 1522 525 1568; x_wconf 91' lang='lat' dir='ltr'>nam</span> <span class='ocrx_word' id='word_1_67' title='bbox 548 1503 664 1569; x_wconf 91' lang='lat' dir='ltr'>librum</span> <span class='ocrx_word' id='word_1_68' title='bbox 687 1503 773 1590; x_wconf 82' lang='grc' dir='ltr'><strong><em>πρὸς</em></strong></span> <span class='ocrx_word' id='word_1_69' title='bbox 796 1501 953 1592; x_wconf 79' lang='grc' dir='ltr'><strong><em>Κράτητα</em></strong></span> <span class='ocrx_word' id='word_1_70' title='bbox 975 1509 1190 1588; x_wconf 83' lang='lat' dir='ltr'>composuisse</span> <span class='ocrx_word' id='word_1_71' title='bbox 1211 1529 1232 1575; x_wconf 88' lang='lat' dir='ltr'>a</span> <span class='ocrx_word' id='word_1_72' title='bbox 1254 1510 1404 1592; x_wconf 89' lang='lat' dir='ltr'>Didymo</span> 
     </span>
     <span class='ocr_line' id='line_1_11' title="bbox 215 1615 1404 1698; baseline 0.004 -16"><span class='ocrx_word' id='word_1_73' title='bbox 215 1617 356 1683; x_wconf 76' lang='lat' dir='ltr'>tradhur</span> <span class='ocrx_word' id='word_1_74' title='bbox 385 1615 592 1698; x_wconf 83' lang='lat' dir='ltr'>lectionisque</span> <span class='ocrx_word' id='word_1_75' title='bbox 614 1616 842 1682; x_wconf 87' lang='lat' dir='ltr'>Aristarcheao</span> <span class='ocrx_word' id='word_1_76' title='bbox 865 1617 957 1683; x_wconf 90' lang='lat' dir='ltr'>testis</span> <span class='ocrx_word' id='word_1_77' title='bbox 987 1617 1133 1684; x_wconf 87' lang='lat' dir='ltr'>adfertur</span> <span class='ocrx_word' id='word_1_78' title='bbox 1155 1621 1251 1687; x_wconf 91' lang='lat' dir='ltr'>schol.</span> <span class='ocrx_word' id='word_1_79' title='bbox 1277 1622 1307 1684; x_wconf 84' lang='grc' dir='ltr'>Θ</span> <span class='ocrx_word' id='word_1_80' title='bbox 1328 1620 1404 1687; x_wconf 83' lang='grc'><strong>513</strong></span> 
     </span>
     <span class='ocr_line' id='line_1_12' title="bbox 211 1721 1404 1817; baseline 0.002 -24"><span class='ocrx_word' id='word_1_81' title='bbox 211 1722 443 1815; x_wconf 78' lang='grc' dir='ltr'><strong><em>Παρμενίσκος</em></strong></span> <span class='ocrx_word' id='word_1_82' title='bbox 465 1723 500 1791; x_wconf 73' lang='grc' dir='ltr'>ἐν</span> <span class='ocrx_word' id='word_1_83' title='bbox 520 1725 568 1814; x_wconf 77' lang='grc' dir='ltr'>τῷ</span> <span class='ocrx_word' id='word_1_84' title='bbox 591 1723 614 1792; x_wconf 76' lang='lat' dir='ltr'>oi</span> <span class='ocrx_word' id='word_1_85' title='bbox 636 1723 722 1814; x_wconf 82' lang='grc' dir='ltr'><strong><em>πρὸς</em></strong></span> <span class='ocrx_word' id='word_1_86' title='bbox 744 1721 902 1811; x_wconf 83' lang='grc' dir='ltr'><strong><em>Κράτητα</em></strong></span> <span class='ocrx_word' id='word_1_87' title='bbox 917 1727 947 1808; x_wconf 88' lang='lat'>¹)</span> <span class='ocrx_word' id='word_1_88' title='bbox 977 1722 1022 1805; x_wconf 86' lang='grc' dir='ltr'>ὡς</span> <span class='ocrx_word' id='word_1_89' title='bbox 1040 1721 1285 1817; x_wconf 77' lang='grc' dir='ltr'><strong><em>Ἀριστάρχειον</em></strong></span> <span class='ocrx_word' id='word_1_90' title='bbox 1314 1751 1404 1816; x_wconf 79' lang='grc' dir='ltr'><strong><em>γρα-</em></strong></span> 
     </span>
     <span class='ocr_line' id='line_1_13' title="bbox 211 1835 1404 1927; baseline 0.003 -24"><span class='ocrx_word' id='word_1_91' title='bbox 211 1836 274 1927; x_wconf 77' lang='grc' dir='ltr'>φὴν</span> <span class='ocrx_word' id='word_1_92' title='bbox 296 1835 500 1926; x_wconf 81' lang='grc' dir='ltr'><strong><em>προφέρεται</em></strong></span> <span class='ocrx_word' id='word_1_93' title='bbox 520 1835 643 1904; x_wconf 86' lang='grc' dir='ltr'><strong><em>κείνων.</em></strong></span> <span class='ocrx_word' id='word_1_94' title='bbox 667 1876 706 1886; x_wconf 90' lang='grc'>--</span> <span class='ocrx_word' id='word_1_95' title='bbox 729 1857 758 1903; x_wconf 90' lang='lat' dir='ltr'>v.</span> <span class='ocrx_word' id='word_1_96' title='bbox 782 1838 994 1904; x_wconf 86' lang='lat' dir='ltr'>Graefenhan.</span> <span class='ocrx_word' id='word_1_97' title='bbox 1027 1847 1050 1905; x_wconf 88' lang='lat' dir='ltr'>t.</span> <span class='ocrx_word' id='word_1_98' title='bbox 1072 1842 1098 1920; x_wconf 88' lang='lat' dir='ltr'>I,</span> <span class='ocrx_word' id='word_1_99' title='bbox 1127 1842 1199 1908; x_wconf 77' lang='lat'><strong>399.</strong></span> <span class='ocrx_word' id='word_1_100' title='bbox 1221 1841 1295 1908; x_wconf 90' lang='grc'><strong>401.</strong></span> <span class='ocrx_word' id='word_1_101' title='bbox 1317 1844 1404 1907; x_wconf 80' lang='grc'><strong>417.</strong></span> 
     </span>
     <span class='ocr_line' id='line_1_14' title="bbox 216 1950 1402 2034; baseline 0.001 -17"><span class='ocrx_word' id='word_1_102' title='bbox 216 1953 446 2018; x_wconf 87' lang='lat' dir='ltr'>Westermann.</span> <span class='ocrx_word' id='word_1_103' title='bbox 468 1951 500 2016; x_wconf 93' lang='lat' dir='ltr'>in</span> <span class='ocrx_word' id='word_1_104' title='bbox 523 1950 638 2034; x_wconf 91' lang='lat' dir='ltr'>Paulyi</span> <span class='ocrx_word' id='word_1_105' title='bbox 661 1950 727 2016; x_wconf 84' lang='lat' dir='ltr'>ER.</span> <span class='ocrx_word' id='word_1_106' title='bbox 749 1969 776 2016; x_wconf 90' lang='lat' dir='ltr'>s.</span> <span class='ocrx_word' id='word_1_107' title='bbox 797 1969 826 2015; x_wconf 90' lang='lat' dir='ltr'>v.</span> <span class='ocrx_word' id='word_1_108' title='bbox 849 1950 1061 2031; x_wconf 82' lang='lat' dir='ltr'>Sengebnsch.</span> <span class='ocrx_word' id='word_1_109' title='bbox 1085 1952 1166 2016; x_wconf 89' lang='lat' dir='ltr'>hom.</span> <span class='ocrx_word' id='word_1_110' title='bbox 1190 1953 1267 2018; x_wconf 90' lang='lat' dir='ltr'>diss.</span> <span class='ocrx_word' id='word_1_111' title='bbox 1289 1971 1340 2034; x_wconf 89' lang='lat' dir='ltr'>pr.</span> <span class='ocrx_word' id='word_1_112' title='bbox 1363 1973 1402 2034; x_wconf 89' lang='lat' dir='ltr'>p.</span> 
     </span>
     <span class='ocr_line' id='line_1_15' title="bbox 211 2061 718 2143; baseline -0.004 -15"><span class='ocrx_word' id='word_1_113' title='bbox 211 2064 262 2128; x_wconf 89' lang='grc'>30.</span> <span class='ocrx_word' id='word_1_114' title='bbox 305 2063 352 2128; x_wconf 85' lang='lat' dir='ltr'>ha</span> <span class='ocrx_word' id='word_1_115' title='bbox 374 2062 471 2128; x_wconf 86' lang='lat' dir='ltr'>Roch.</span> <span class='ocrx_word' id='word_1_116' title='bbox 493 2061 535 2127; x_wconf 91' lang='grc' dir='ltr'>Η.</span> <span class='ocrx_word' id='word_1_117' title='bbox 557 2062 591 2126; x_wconf 87' lang='grc' dir='ltr'>Τ.</span> <span class='ocrx_word' id='word_1_118' title='bbox 613 2081 644 2143; x_wconf 96' lang='lat' dir='ltr'>p.</span> <span class='ocrx_word' id='word_1_119' title='bbox 668 2062 718 2126; x_wconf 81' lang='lat'>75.</span> 
     </span>
    </p>

    <p class='ocr_par' dir='ltr' id='par_1_5' title="bbox 209 2171 1403 2926">
     <span class='ocr_line' id='line_1_16' title="bbox 296 2171 1402 2257; baseline 0 -17"><span class='ocrx_word' id='word_1_120' title='bbox 296 2179 393 2257; x_wconf 89' lang='lat' dir='ltr'>atque</span> <span class='ocrx_word' id='word_1_121' title='bbox 425 2174 457 2238; x_wconf 93' lang='lat' dir='ltr'>in</span> <span class='ocrx_word' id='word_1_122' title='bbox 479 2173 610 2238; x_wconf 87' lang='lat' dir='ltr'>Homeri</span> <span class='ocrx_word' id='word_1_123' title='bbox 631 2171 759 2254; x_wconf 90' lang='lat' dir='ltr'>quidem</span> <span class='ocrx_word' id='word_1_124' title='bbox 791 2171 984 2238; x_wconf 86' lang='lat' dir='ltr'>carminibus</span> <span class='ocrx_word' id='word_1_125' title='bbox 1006 2173 1227 2254; x_wconf 82' lang='lat' dir='ltr'>Parmeniscus</span> <span class='ocrx_word' id='word_1_126' title='bbox 1249 2181 1282 2241; x_wconf 91' lang='lat' dir='ltr'>et</span> <span class='ocrx_word' id='word_1_127' title='bbox 1303 2174 1402 2240; x_wconf 93' lang='lat' dir='ltr'>criti-</span> 
     </span>
     <span class='ocr_line' id='line_1_17' title="bbox 210 2282 1401 2368; baseline -0.002 -14"><span class='ocrx_word' id='word_1_128' title='bbox 210 2305 279 2354; x_wconf 86' lang='lat' dir='ltr'>cam</span> <span class='ocrx_word' id='word_1_129' title='bbox 309 2293 342 2350; x_wconf 90' lang='lat' dir='ltr'>et</span> <span class='ocrx_word' id='word_1_130' title='bbox 364 2283 658 2365; x_wconf 82' lang='lat' dir='ltr'>interpretatorium</span> <span class='ocrx_word' id='word_1_131' title='bbox 680 2282 788 2364; x_wconf 90' lang='lat' dir='ltr'>posuit</span> <span class='ocrx_word' id='word_1_132' title='bbox 816 2301 945 2365; x_wconf 88' lang='lat' dir='ltr'>operam</span> <span class='ocrx_word' id='word_1_133' title='bbox 968 2304 1101 2368; x_wconf 89' lang='lat' dir='ltr'>eamque</span> <span class='ocrx_word' id='word_1_134' title='bbox 1129 2305 1211 2368; x_wconf 89' lang='lat' dir='ltr'>quae</span> <span class='ocrx_word' id='word_1_135' title='bbox 1233 2303 1294 2350; x_wconf 90' lang='lat' dir='ltr'>non</span> <span class='ocrx_word' id='word_1_136' title='bbox 1316 2303 1401 2352; x_wconf 93' lang='lat' dir='ltr'>cou-</span> 
     </span>
     <span class='ocr_line' id='line_1_18' title="bbox 212 2393 1403 2480; baseline -0.002 -16"><span class='ocrx_word' id='word_1_137' title='bbox 212 2397 415 2464; x_wconf 87' lang='lat' dir='ltr'>temnendum</span> <span class='ocrx_word' id='word_1_138' title='bbox 437 2395 574 2460; x_wconf 91' lang='lat' dir='ltr'>hominis</span> <span class='ocrx_word' id='word_1_139' title='bbox 596 2394 712 2476; x_wconf 87' lang='lat' dir='ltr'>prodat</span> <span class='ocrx_word' id='word_1_140' title='bbox 734 2393 904 2474; x_wconf 84' lang='lat' dir='ltr'>ingenium.</span> <span class='ocrx_word' id='word_1_141' title='bbox 948 2398 1094 2480; x_wconf 85' lang='lat' dir='ltr'>magistri</span> <span class='ocrx_word' id='word_1_142' title='bbox 1123 2396 1175 2462; x_wconf 91' lang='lat' dir='ltr'>ille</span> <span class='ocrx_word' id='word_1_143' title='bbox 1205 2397 1403 2479; x_wconf 85' lang='lat' dir='ltr'>simpliciter</span> 
     </span>
     <span class='ocr_line' id='line_1_19' title="bbox 209 2504 1399 2588; baseline -0.002 -13"><span class='ocrx_word' id='word_1_144' title='bbox 209 2509 377 2576; x_wconf 90' lang='lat' dir='ltr'>lectionem</span> <span class='ocrx_word' id='word_1_145' title='bbox 400 2506 570 2572; x_wconf 79' lang='lat' dir='ltr'>tradidisse</span> <span class='ocrx_word' id='word_1_146' title='bbox 591 2526 612 2572; x_wconf 89' lang='lat' dir='ltr'>a</span> <span class='ocrx_word' id='word_1_147' title='bbox 633 2504 771 2588; x_wconf 90' lang='lat' dir='ltr'>Didymo</span> <span class='ocrx_word' id='word_1_148' title='bbox 793 2505 978 2588; x_wconf 85' lang='lat' dir='ltr'>exhibetur,</span> <span class='ocrx_word' id='word_1_149' title='bbox 1001 2514 1036 2573; x_wconf 90' lang='lat' dir='ltr'>ut</span> <span class='ocrx_word' id='word_1_150' title='bbox 1058 2507 1141 2586; x_wconf 86' lang='lat' dir='ltr'>dixi,</span> <span class='ocrx_word' id='word_1_151' title='bbox 1166 2507 1290 2586; x_wconf 78' lang='grc'><strong>0513,</strong></span> <span class='ocrx_word' id='word_1_152' title='bbox 1312 2508 1399 2573; x_wconf 85' lang='lat' dir='ltr'>item</span> 
     </span>
     <span class='ocr_line' id='line_1_20' title="bbox 209 2611 1397 2706; baseline -0.003 -18"><span class='ocrx_word' id='word_1_153' title='bbox 209 2621 320 2706; x_wconf 80' lang='lat' dir='ltr'>procul</span> <span class='ocrx_word' id='word_1_154' title='bbox 351 2618 447 2684; x_wconf 90' lang='lat' dir='ltr'>dubio</span> <span class='ocrx_word' id='word_1_155' title='bbox 470 2618 568 2684; x_wconf 80' lang='lat'>1197</span> <span class='ocrx_word' id='word_1_156' title='bbox 593 2611 822 2703; x_wconf 82' lang='grc' dir='ltr'><strong><em>Παρμενίσκος</em></strong></span> <span class='ocrx_word' id='word_1_157' title='bbox 850 2613 888 2680; x_wconf 78' lang='grc' dir='ltr'>δὲ</span> <span class='ocrx_word' id='word_1_158' title='bbox 909 2614 1108 2704; x_wconf 80' lang='grc' dir='ltr'><strong><em>προφέρεται</em></strong></span> <span class='ocrx_word' id='word_1_159' title='bbox 1139 2613 1287 2684; x_wconf 76' lang='grc' dir='ltr'><strong><em>ἱκάνετον</em></strong></span> <span class='ocrx_word' id='word_1_160' title='bbox 1308 2614 1397 2706; x_wconf 81' lang='grc' dir='ltr'><strong><em>ὴμέ-</em></strong></span> 
     </span>
     <span class='ocr_line' id='line_1_21' title="bbox 210 2727 1397 2818; baseline -0.003 -19"><span class='ocrx_word' id='word_1_161' title='bbox 210 2727 349 2818; x_wconf 84' lang='grc' dir='ltr'><strong><em>τερόνδε.</em></strong></span> <span class='ocrx_word' id='word_1_162' title='bbox 392 2729 436 2811; x_wconf 86' lang='lat' dir='ltr'>(v.</span> <span class='ocrx_word' id='word_1_163' title='bbox 459 2729 502 2794; x_wconf 90' lang='grc' dir='ltr'>Μ.</span> <span class='ocrx_word' id='word_1_164' title='bbox 525 2727 679 2794; x_wconf 84' lang='lat' dir='ltr'>Schmidt.</span> <span class='ocrx_word' id='word_1_165' title='bbox 701 2727 775 2792; x_wconf 91' lang='lat' dir='ltr'>Did.</span> <span class='ocrx_word' id='word_1_166' title='bbox 797 2746 827 2808; x_wconf 90' lang='lat' dir='ltr'>p.</span> <span class='ocrx_word' id='word_1_167' title='bbox 853 2727 938 2812; x_wconf 88' lang='grc'><strong>136).</strong></span> <span class='ocrx_word' id='word_1_168' title='bbox 983 2747 1039 2795; x_wconf 91' lang='lat' dir='ltr'>nec</span> <span class='ocrx_word' id='word_1_169' title='bbox 1068 2735 1174 2795; x_wconf 91' lang='lat' dir='ltr'>tamen</span> <span class='ocrx_word' id='word_1_170' title='bbox 1206 2737 1263 2796; x_wconf 88' lang='lat' dir='ltr'>aut</span> <span class='ocrx_word' id='word_1_171' title='bbox 1285 2731 1317 2796; x_wconf 91' lang='lat' dir='ltr'>in</span> <span class='ocrx_word' id='word_1_172' title='bbox 1341 2751 1397 2798; x_wconf 93' lang='lat' dir='ltr'>re-</span> 
     </span>
     <span class='ocr_line' id='line_1_22' title="bbox 210 2837 1398 2926; baseline -0.003 -16"><span class='ocrx_word' id='word_1_173' title='bbox 210 2845 271 2910; x_wconf 89' lang='lat' dir='ltr'>bus</span> <span class='ocrx_word' id='word_1_174' title='bbox 293 2840 470 2926; x_wconf 88' lang='lat' dir='ltr'>prosodicis</span> <span class='ocrx_word' id='word_1_175' title='bbox 499 2843 557 2904; x_wconf 86' lang='lat' dir='ltr'>aut</span> <span class='ocrx_word' id='word_1_176' title='bbox 586 2839 618 2904; x_wconf 94' lang='lat' dir='ltr'>in</span> <span class='ocrx_word' id='word_1_177' title='bbox 648 2837 832 2920; x_wconf 88' lang='lat' dir='ltr'>accipiendo</span> <span class='ocrx_word' id='word_1_178' title='bbox 855 2857 950 2906; x_wconf 86' lang='lat' dir='ltr'>sensu</span> <span class='ocrx_word' id='word_1_179' title='bbox 972 2841 1012 2906; x_wconf 92' lang='lat' dir='ltr'>ab</span> <span class='ocrx_word' id='word_1_180' title='bbox 1035 2840 1121 2906; x_wconf 90' lang='lat' dir='ltr'>illins</span> <span class='ocrx_word' id='word_1_181' title='bbox 1144 2841 1297 2907; x_wconf 89' lang='lat' dir='ltr'>desistere</span> <span class='ocrx_word' id='word_1_182' title='bbox 1319 2843 1398 2924; x_wconf 90' lang='lat' dir='ltr'>pla-</span> 
     </span>
    </p>
   </div>
   <div class='ocr_carea' id='block_1_5' title="bbox 210 2939 1398 3369">
    <p class='ocr_par' dir='ltr' id='par_1_6' title="bbox 210 2939 1398 3369">
     <span class='ocr_line' id='line_1_23' title="bbox 210 2939 1395 3034; baseline -0.006 -11"><span class='ocrx_word' id='word_1_183' title='bbox 210 2957 285 3025; x_wconf 88' lang='lat' dir='ltr'>citis</span> <span class='ocrx_word' id='word_1_184' title='bbox 307 2950 487 3019; x_wconf 87' lang='lat' dir='ltr'>dubitabat.</span> <span class='ocrx_word' id='word_1_185' title='bbox 524 2955 561 3014; x_wconf 90' lang='lat' dir='ltr'>ut</span> <span class='ocrx_word' id='word_1_186' title='bbox 582 2950 612 3012; x_wconf 88' lang='lat' dir='ltr'><strong><em>E</em></strong></span> <span class='ocrx_word' id='word_1_187' title='bbox 631 2949 692 3016; x_wconf 83' lang='lat'>638</span> <span class='ocrx_word' id='word_1_188' title='bbox 716 2939 787 3014; x_wconf 81' lang='grc' dir='ltr'><strong><em>οἷον</em></strong></span> <span class='ocrx_word' id='word_1_189' title='bbox 809 2951 1011 3030; x_wconf 81' lang='lat' dir='ltr'>praeoptavit</span> <span class='ocrx_word' id='word_1_190' title='bbox 1032 2969 1090 3033; x_wconf 91' lang='lat' dir='ltr'>pro</span> <span class='ocrx_word' id='word_1_191' title='bbox 1108 2952 1286 3018; x_wconf 87' lang='lat' dir='ltr'>Aristarchi</span> <span class='ocrx_word' id='word_1_192' title='bbox 1309 2941 1395 3034; x_wconf 85' lang='grc' dir='ltr'><strong><em>οἷον,</em></strong></span> 
     </span>
     <span class='ocr_line' id='line_1_24' title="bbox 210 3047 1397 3148; baseline 0 -17"><span class='ocrx_word' id='word_1_193' title='bbox 210 3067 280 3131; x_wconf 89' lang='lat' dir='ltr'>sim.</span> <span class='ocrx_word' id='word_1_194' title='bbox 310 3062 432 3142; x_wconf 78' lang='lat' dir='ltr'>o242;</span> <span class='ocrx_word' id='word_1_195' title='bbox 463 3059 575 3132; x_wconf 61' lang='lat'>5249</span> <span class='ocrx_word' id='word_1_196' title='bbox 605 3054 721 3125; x_wconf 76' lang='grc' dir='ltr'><strong><em>ἷίλλοτε</em></strong></span> <span class='ocrx_word' id='word_1_197' title='bbox 742 3047 763 3147; x_wconf 78' lang='grc' dir='ltr'><strong><em>ᾖ</em></strong></span> <span class='ocrx_word' id='word_1_198' title='bbox 784 3079 842 3142; x_wconf 91' lang='lat' dir='ltr'>pro</span> <span class='ocrx_word' id='word_1_199' title='bbox 870 3059 956 3126; x_wconf 91' lang='lat' dir='ltr'>illius</span> <span class='ocrx_word' id='word_1_200' title='bbox 990 3054 1070 3125; x_wconf 75' lang='lat' dir='ltr'>dato</span> <span class='ocrx_word' id='word_1_201' title='bbox 1100 3056 1171 3148; x_wconf 85' lang='grc' dir='ltr'><strong><em>τεή;</em></strong></span> <span class='ocrx_word' id='word_1_202' title='bbox 1203 3067 1233 3126; x_wconf 82' lang='grc' dir='ltr'><em>Σ</em></span> <span class='ocrx_word' id='word_1_203' title='bbox 1252 3063 1315 3128; x_wconf 89' lang='grc'><strong>100</strong></span> <span class='ocrx_word' id='word_1_204' title='bbox 1344 3065 1397 3132; x_wconf 89' lang='lat' dir='ltr'>ita</span> 
     </span>
     <span class='ocr_line' id='line_1_25' title="bbox 210 3163 1398 3260; baseline 0 -18"><span class='ocrx_word' id='word_1_205' title='bbox 210 3177 305 3260; x_wconf 80' lang='lat' dir='ltr'>legit:</span> <span class='ocrx_word' id='word_1_206' title='bbox 330 3211 370 3221; x_wconf 87' lang='lat'><em>-</em></span> <span class='ocrx_word' id='word_1_207' title='bbox 393 3169 483 3258; x_wconf 78' lang='grc' dir='ltr'><strong><em>ἐμεῖο</em></strong></span> <span class='ocrx_word' id='word_1_208' title='bbox 506 3165 540 3237; x_wconf 79' lang='grc' dir='ltr'>δ’</span> <span class='ocrx_word' id='word_1_209' title='bbox 557 3165 788 3258; x_wconf 66' lang='grc' dir='ltr'><strong><em>ἔδησενἍρης</em></strong></span> <span class='ocrx_word' id='word_1_210' title='bbox 810 3163 953 3259; x_wconf 79' lang='grc' dir='ltr'><strong><em>ἀλκτῆρα</em></strong></span> <span class='ocrx_word' id='word_1_211' title='bbox 973 3170 1180 3258; x_wconf 58' lang='lat' dir='ltr'>periodum),</span> <span class='ocrx_word' id='word_1_212' title='bbox 1202 3193 1275 3240; x_wconf 90' lang='lat' dir='ltr'>cum</span> <span class='ocrx_word' id='word_1_213' title='bbox 1296 3174 1398 3242; x_wconf 84' lang='lat' dir='ltr'>aliter</span> 
     </span>
     <span class='ocr_line' id='line_1_26' title="bbox 211 3282 1397 3369; baseline -0.001 -16"><span class='ocrx_word' id='word_1_214' title='bbox 211 3293 244 3353; x_wconf 90' lang='lat' dir='ltr'>et</span> <span class='ocrx_word' id='word_1_215' title='bbox 258 3287 388 3369; x_wconf 79' lang='lat' dir='ltr'>legisset</span> <span class='ocrx_word' id='word_1_216' title='bbox 402 3291 435 3352; x_wconf 84' lang='lat' dir='ltr'>ct</span> <span class='ocrx_word' id='word_1_217' title='bbox 456 3285 686 3366; x_wconf 85' lang='lat' dir='ltr'>interpretatus</span> <span class='ocrx_word' id='word_1_218' title='bbox 708 3287 793 3349; x_wconf 89' lang='lat' dir='ltr'>esset</span> <span class='ocrx_word' id='word_1_219' title='bbox 807 3282 1016 3349; x_wconf 87' lang='lat' dir='ltr'>Aristarchus</span> <span class='ocrx_word' id='word_1_220' title='bbox 1037 3282 1089 3364; x_wconf 85' lang='lat' dir='ltr'>(ci.</span> <span class='ocrx_word' id='word_1_221' title='bbox 1104 3283 1157 3350; x_wconf 88' lang='lat' dir='ltr'>Et.</span> <span class='ocrx_word' id='word_1_222' title='bbox 1172 3284 1215 3349; x_wconf 90' lang='lat' dir='ltr'>M.</span> <span class='ocrx_word' id='word_1_223' title='bbox 1234 3285 1305 3368; x_wconf 86' lang='lat'>138,</span> <span class='ocrx_word' id='word_1_224' title='bbox 1324 3287 1397 3369; x_wconf 84' lang='lat'>11).</span> 
     </span>
    </p>
   </div>
   <div class='ocr_carea' id='block_1_6' title="bbox 215 3459 415 3472">
    <p class='ocr_par' dir='ltr' id='par_1_7' title="bbox 215 3459 415 3472">
     <span class='ocr_line' id='line_1_27' title="bbox 215 3459 415 3472; baseline 0 0"><span class='ocrx_word' id='word_1_225' title='bbox 215 3459 415 3472; x_wconf 45' lang='grc' dir='ltr'>ω</span> 
     </span>
    </p>
   </div>
   <div class='ocr_carea' id='block_1_7' title="bbox 211 3559 1395 4470">
    <p class='ocr_par' dir='ltr' id='par_1_8' title="bbox 211 3559 1394 3938">
     <span class='ocr_line' id='line_1_28' title="bbox 299 3559 1393 3647; baseline 0 -22"><span class='ocrx_word' id='word_1_226' title='bbox 299 3565 329 3644; x_wconf 94' lang='grc'><strong>1)</strong></span> <span class='ocrx_word' id='word_1_227' title='bbox 353 3566 448 3647; x_wconf 87' lang='lat' dir='ltr'>quode</span> <span class='ocrx_word' id='word_1_228' title='bbox 471 3584 524 3624; x_wconf 90' lang='lat' dir='ltr'>cur</span> <span class='ocrx_word' id='word_1_229' title='bbox 545 3563 662 3624; x_wconf 83' lang='lat' dir='ltr'>dubitet</span> <span class='ocrx_word' id='word_1_230' title='bbox 682 3559 864 3626; x_wconf 86' lang='lat' dir='ltr'>Bartholdus</span> <span class='ocrx_word' id='word_1_231' title='bbox 886 3561 944 3644; x_wconf 88' lang='lat' dir='ltr'>(De</span> <span class='ocrx_word' id='word_1_232' title='bbox 965 3562 1036 3624; x_wconf 82' lang='lat' dir='ltr'>Eur.</span> <span class='ocrx_word' id='word_1_233' title='bbox 1060 3561 1164 3625; x_wconf 88' lang='lat' dir='ltr'>scholl.</span> <span class='ocrx_word' id='word_1_234' title='bbox 1185 3565 1273 3625; x_wconf 76' lang='lat' dir='ltr'>fonti.</span> <span class='ocrx_word' id='word_1_235' title='bbox 1296 3585 1325 3644; x_wconf 94' lang='lat' dir='ltr'>p.</span> <span class='ocrx_word' id='word_1_236' title='bbox 1352 3568 1393 3625; x_wconf 89' lang='grc'><strong>16</strong></span> 
     </span>
     <span class='ocr_line' id='line_1_29' title="bbox 211 3663 1394 3749; baseline -0.003 -17"><span class='ocrx_word' id='word_1_237' title='bbox 211 3691 239 3732; x_wconf 93' lang='lat' dir='ltr'>n.</span> <span class='ocrx_word' id='word_1_238' title='bbox 266 3669 296 3749; x_wconf 87' lang='lat'>1)</span> <span class='ocrx_word' id='word_1_239' title='bbox 318 3676 407 3749; x_wconf 86' lang='lat' dir='ltr'>etque</span> <span class='ocrx_word' id='word_1_240' title='bbox 431 3667 668 3728; x_wconf 88' lang='lat' dir='ltr'>‘commentarios</span> <span class='ocrx_word' id='word_1_241' title='bbox 684 3668 851 3730; x_wconf 88' lang='lat' dir='ltr'>homericos</span> <span class='ocrx_word' id='word_1_242' title='bbox 865 3669 929 3729; x_wconf 92' lang='lat' dir='ltr'>illic</span> <span class='ocrx_word' id='word_1_243' title='bbox 943 3663 1079 3728; x_wconf 88' lang='lat' dir='ltr'>indicari&#39;</span> <span class='ocrx_word' id='word_1_244' title='bbox 1103 3674 1231 3744; x_wconf 85' lang='lat' dir='ltr'>censeat,</span> <span class='ocrx_word' id='word_1_245' title='bbox 1253 3667 1394 3749; x_wconf 86' lang='lat' dir='ltr'>equidem</span> 
     </span>
     <span class='ocr_line' id='line_1_30' title="bbox 211 3770 1392 3854; baseline -0.003 -20"><span class='ocrx_word' id='word_1_246' title='bbox 211 3796 271 3835; x_wconf 88' lang='lat' dir='ltr'>non</span> <span class='ocrx_word' id='word_1_247' title='bbox 301 3793 456 3854; x_wconf 85' lang='lat' dir='ltr'>assequor,</span> <span class='ocrx_word' id='word_1_248' title='bbox 494 3770 670 3850; x_wconf 88' lang='lat' dir='ltr'>praesertim</span> <span class='ocrx_word' id='word_1_249' title='bbox 701 3791 779 3852; x_wconf 35' lang='lat' dir='ltr'>cumn</span> <span class='ocrx_word' id='word_1_250' title='bbox 798 3772 908 3834; x_wconf 84' lang='lat' dir='ltr'>diserte</span> <span class='ocrx_word' id='word_1_251' title='bbox 939 3772 1052 3851; x_wconf 83' lang='lat' dir='ltr'>primus</span> <span class='ocrx_word' id='word_1_252' title='bbox 1082 3770 1160 3832; x_wconf 86' lang='lat' dir='ltr'>liber</span> <span class='ocrx_word' id='word_1_253' title='bbox 1192 3771 1256 3830; x_wconf 89' lang='lat' dir='ltr'>eius</span> <span class='ocrx_word' id='word_1_254' title='bbox 1286 3770 1392 3849; x_wconf 86' lang='lat' dir='ltr'>scripti</span> 
     </span>
     <span class='ocr_line' id='line_1_31' title="bbox 211 3877 367 3938; baseline -0.006 -1"><span class='ocrx_word' id='word_1_255' title='bbox 211 3877 367 3938; x_wconf 83' lang='lat' dir='ltr'>excitetur.</span> 
     </span>
    </p>

    <p class='ocr_par' dir='ltr' id='par_1_9' title="bbox 211 3966 1395 4470">
     <span class='ocr_line' id='line_1_32' title="bbox 297 3966 1395 4057; baseline -0.005 -18"><span class='ocrx_word' id='word_1_256' title='bbox 297 3981 328 4057; x_wconf 78' lang='grc'>2)</span> <span class='ocrx_word' id='word_1_257' title='bbox 351 3981 409 4040; x_wconf 89' lang='lat' dir='ltr'>hoe</span> <span class='ocrx_word' id='word_1_258' title='bbox 437 3978 518 4039; x_wconf 86' lang='lat' dir='ltr'>onim</span> <span class='ocrx_word' id='word_1_259' title='bbox 548 3976 649 4038; x_wconf 82' lang='lat' dir='ltr'>evadit</span> <span class='ocrx_word' id='word_1_260' title='bbox 677 3997 693 4036; x_wconf 89' lang='lat' dir='ltr'>e</span> <span class='ocrx_word' id='word_1_261' title='bbox 723 3977 897 4056; x_wconf 83' lang='lat' dir='ltr'>paraphrasi</span> <span class='ocrx_word' id='word_1_262' title='bbox 928 3968 946 4036; x_wconf 88' lang='lat' dir='ltr'>c‘</span> <span class='ocrx_word' id='word_1_263' title='bbox 973 3971 1011 4036; x_wconf 79' lang='grc' dir='ltr'>δὲ</span> <span class='ocrx_word' id='word_1_264' title='bbox 1042 3969 1213 4052; x_wconf 79' lang='grc' dir='ltr'><strong><em>πόλεμος</em></strong></span> <span class='ocrx_word' id='word_1_265' title='bbox 1243 3966 1395 4052; x_wconf 65' lang='lat' dir='ltr'>arietaria</span> 
     </span>
     <span class='ocr_line' id='line_1_33' title="bbox 212 4069 1395 4161; baseline -0.006 -19"><span class='ocrx_word' id='word_1_266' title='bbox 212 4074 394 4161; x_wconf 71' lang='grc' dir='ltr'><strong><em>ἀφελόμενος</em></strong></span> <span class='ocrx_word' id='word_1_267' title='bbox 415 4081 582 4140; x_wconf 78' lang='grc' dir='ltr'><strong><em>πανοπλίαν</em></strong></span> <span class='ocrx_word' id='word_1_268' title='bbox 604 4075 691 4155; x_wconf 63' lang='lat' dir='ltr'>lico&amp;</span> <span class='ocrx_word' id='word_1_269' title='bbox 708 4101 768 4155; x_wconf 87' lang='grc' dir='ltr'>μου</span> <span class='ocrx_word' id='word_1_270' title='bbox 789 4074 843 4157; x_wconf 75' lang='grc' dir='ltr'>τήν</span> <span class='ocrx_word' id='word_1_271' title='bbox 865 4077 979 4153; x_wconf 71' lang='grc' dir='ltr'><strong><em>ἔξοδον,</em></strong></span> <span class='ocrx_word' id='word_1_272' title='bbox 1002 4071 1076 4149; x_wconf 70' lang='lat' dir='ltr'>oi&#39;crs</span> <span class='ocrx_word' id='word_1_273' title='bbox 1097 4069 1229 4156; x_wconf 66' lang='grc' dir='ltr'><strong><em>ἀλκτῆρα</em></strong></span> <span class='ocrx_word' id='word_1_274' title='bbox 1251 4069 1293 4154; x_wconf 75' lang='grc' dir='ltr'>με)</span> <span class='ocrx_word' id='word_1_275' title='bbox 1314 4073 1395 4156; x_wconf 76' lang='grc' dir='ltr'><strong><em>γενέ-</em></strong></span> 
     </span>
     <span class='ocr_line' id='line_1_34' title="bbox 211 4178 1393 4264; baseline -0.003 -20"><span class='ocrx_word' id='word_1_276' title='bbox 211 4191 285 4245; x_wconf 82' lang='grc' dir='ltr'><strong><em>σθαι</em></strong></span> <span class='ocrx_word' id='word_1_277' title='bbox 310 4178 496 4264; x_wconf 71' lang='grc' dir='ltr'><strong><em>Πατρόκλου.</em></strong></span> <span class='ocrx_word' id='word_1_278' title='bbox 543 4187 728 4263; x_wconf 83' lang='lat' dir='ltr'>quapropter</span> <span class='ocrx_word' id='word_1_279' title='bbox 756 4182 897 4243; x_wconf 86' lang='lat' dir='ltr'>lacunosa</span> <span class='ocrx_word' id='word_1_280' title='bbox 919 4182 1049 4243; x_wconf 88' lang='lat' dir='ltr'>arbitror</span> <span class='ocrx_word' id='word_1_281' title='bbox 1070 4179 1278 4242; x_wconf 83' lang='lat' dir='ltr'>antecedentia</span> <span class='ocrx_word' id='word_1_282' title='bbox 1299 4181 1393 4241; x_wconf 81' lang='lat' dir='ltr'>verba</span> 
     </span>
     <span class='ocr_line' id='line_1_35' title="bbox 212 4271 1393 4367; baseline -0.003 -21"><span class='ocrx_word' id='word_1_283' title='bbox 212 4294 243 4347; x_wconf 90' lang='lat' dir='ltr'>et</span> <span class='ocrx_word' id='word_1_284' title='bbox 263 4289 305 4347; x_wconf 85' lang='lat' dir='ltr'>sio</span> <span class='ocrx_word' id='word_1_285' title='bbox 334 4289 398 4348; x_wconf 85' lang='lat' dir='ltr'>fere</span> <span class='ocrx_word' id='word_1_286' title='bbox 427 4286 631 4346; x_wconf 84' lang='lat' dir='ltr'>restituenda:</span> <span class='ocrx_word' id='word_1_287' title='bbox 665 4283 875 4363; x_wconf 76' lang='grc' dir='ltr'><strong><em>Παρμενίσκος</em></strong></span> <span class='ocrx_word' id='word_1_288' title='bbox 905 4279 957 4362; x_wconf 71' lang='grc' dir='ltr'>μὲν</span> <span class='ocrx_word' id='word_1_289' title='bbox 986 4271 1043 4345; x_wconf 80' lang='grc' dir='ltr'>οὖν</span> <span class='ocrx_word' id='word_1_290' title='bbox 1073 4275 1248 4367; x_wconf 80' lang='grc' dir='ltr'><strong><em>βαροτόνοις</em></strong></span> <span class='ocrx_word' id='word_1_291' title='bbox 1277 4278 1393 4360; x_wconf 76' lang='grc' dir='ltr'><strong><em>ίκδεχιί·</em></strong></span> 
     </span>
     <span class='ocr_line' id='line_1_36' title="bbox 212 4378 1010 4470; baseline 0.001 -21"><span class='ocrx_word' id='word_1_292' title='bbox 212 4408 298 4469; x_wconf 81' lang='grc' dir='ltr'><strong><em>μενος</em></strong></span> <span class='ocrx_word' id='word_1_293' title='bbox 319 4383 352 4448; x_wconf 68' lang='grc' dir='ltr'>τιν’</span> <span class='ocrx_word' id='word_1_294' title='bbox 372 4383 463 4470; x_wconf 82' lang='grc' dir='ltr'>Ἀρης</span> <span class='ocrx_word' id='word_1_295' title='bbox 484 4385 536 4447; x_wconf 75' lang='grc' dir='ltr'>καί</span> <span class='ocrx_word' id='word_1_296' title='bbox 558 4380 749 4468; x_wconf 75' lang='grc' dir='ltr'><strong><em>τρεσιίλλαβον</em></strong></span> <span class='ocrx_word' id='word_1_297' title='bbox 770 4378 804 4446; x_wconf 74' lang='grc' dir='ltr'>τί</span> <span class='ocrx_word' id='word_1_298' title='bbox 826 4383 931 4465; x_wconf 77' lang='grc' dir='ltr'><strong><em>ἔδησεν</em></strong></span> <span class='ocrx_word' id='word_1_299' title='bbox 951 4383 1010 4450; x_wconf 60' lang='lat' dir='ltr'>aci.</span> 
     </span>
    </p>
   </div>
   <div class='ocr_carea' id='block_1_8' title="bbox 0 0 1489 4812">
    <p class='ocr_par' dir='ltr' id='par_1_10' title="bbox 0 0 1489 4812">
     <span class='ocr_line' id='line_1_37' title="bbox 0 0 1489 4812; baseline 0 0"><span class='ocrx_word' id='word_1_300' title='bbox 0 0 1489 4812; x_wconf 95' lang='lat' dir='ltr'> </span> 
     </span>
    </p>
   </div>
  </div>
 </body>
</html>
