<?xml version="1.0" encoding="UTF-8"?>
<!DOCTYPE html PUBLIC "-//W3C//DTD XHTML 1.0 Transitional//EN"
    "http://www.w3.org/TR/xhtml1/DTD/xhtml1-transitional.dtd">
<html xmlns="http://www.w3.org/1999/xhtml" xml:lang="en" lang="en">
 <head>
  <title>
</title>
<meta http-equiv="Content-Type" content="text/html;charset=utf-8" />
  <meta name='ocr-system' content='tesseract 3.04.00' />
  <meta name='ocr-capabilities' content='ocr_page ocr_carea ocr_par ocr_line ocrx_word'/>
</head>
<body>
  <div class='ocr_page' id='page_1' title='image "./dearistarchidis01blaugoog_0060.png"; bbox 0 0 2962 4812; ppageno 0'>
   <div class='ocr_carea' id='block_1_1' title="bbox 0 1689 8 3371">
    <p class='ocr_par' dir='ltr' id='par_1_1' title="bbox 0 1689 8 3371">
     <span class='ocr_line' id='line_1_1' title="bbox 0 1689 8 3371; baseline 0 0"><span class='ocrx_word' id='word_1_1' title='bbox 0 1689 8 3371; x_wconf 95' lang='lat' dir='ltr'><strong> </strong></span> 
     </span>
    </p>
   </div>
   <div class='ocr_carea' id='block_1_2' title="bbox 604 196 815 266">
    <p class='ocr_par' dir='ltr' id='par_1_2' title="bbox 604 196 815 266">
     <span class='ocr_line' id='line_1_2' title="bbox 604 196 815 266; baseline 0 -20"><span class='ocrx_word' id='word_1_2' title='bbox 604 196 815 266; x_wconf 69' lang='lat'><strong>‚53-</strong></span> 
     </span>
    </p>
   </div>
   <div class='ocr_carea' id='block_1_3' title="bbox 8 368 1299 902">
    <p class='ocr_par' dir='ltr' id='par_1_3' title="bbox 8 368 1299 902">
     <span class='ocr_line' id='line_1_3' title="bbox 81 368 1299 456; baseline -0.002 -19"><span class='ocrx_word' id='word_1_3' title='bbox 81 371 251 456; x_wconf 45' lang='lat' dir='ltr'><strong>*aliquem</strong></span> <span class='ocrx_word' id='word_1_4' title='bbox 281 371 462 439; x_wconf 77' lang='lat' dir='ltr'><strong>Aristarchi</strong></span> <span class='ocrx_word' id='word_1_5' title='bbox 497 387 566 436; x_wconf 91' lang='lat' dir='ltr'><strong>esse</strong></span> <span class='ocrx_word' id='word_1_6' title='bbox 598 369 806 452; x_wconf 86' lang='lat' dir='ltr'><strong>discipulum,</strong></span> <span class='ocrx_word' id='word_1_7' title='bbox 836 369 1030 453; x_wconf 82' lang='grc'><strong>00001100,</strong></span> <span class='ocrx_word' id='word_1_8' title='bbox 1059 369 1144 451; x_wconf 90' lang='lat' dir='ltr'><strong>quod</strong></span> <span class='ocrx_word' id='word_1_9' title='bbox 1165 368 1193 435; x_wconf 89' lang='grc'><strong>01</strong></span> <span class='ocrx_word' id='word_1_10' title='bbox 1214 387 1299 436; x_wconf 93' lang='lat' dir='ltr'><strong>sum·</strong></span> 
     </span>
     <span class='ocr_line' id='line_1_4' title="bbox 11 480 1299 569; baseline -0.002 -21"><span class='ocrx_word' id='word_1_11' title='bbox 11 554 12 569; x_wconf 55' lang='grc'><strong>,</strong></span> <span class='ocrx_word' id='word_1_12' title='bbox 94 501 175 548; x_wconf 89' lang='lat' dir='ltr'><strong>mus</strong></span> <span class='ocrx_word' id='word_1_13' title='bbox 216 483 448 566; x_wconf 85' lang='lat' dir='ltr'><strong>grammaticus</strong></span> <span class='ocrx_word' id='word_1_14' title='bbox 479 500 573 564; x_wconf 90' lang='lat' dir='ltr'><strong>quem</strong></span> <span class='ocrx_word' id='word_1_15' title='bbox 604 481 708 547; x_wconf 91' lang='lat' dir='ltr'><strong>locum</strong></span> <span class='ocrx_word' id='word_1_16' title='bbox 731 481 822 548; x_wconf 89' lang='lat' dir='ltr'><strong>obelo</strong></span> <span class='ocrx_word' id='word_1_17' title='bbox 843 481 1019 563; x_wconf 78' lang='lat' dir='ltr'>notaverit,</span> <span class='ocrx_word' id='word_1_18' title='bbox 1053 499 1109 547; x_wconf 91' lang='lat' dir='ltr'><strong>eur</strong></span> <span class='ocrx_word' id='word_1_19' title='bbox 1130 480 1299 560; x_wconf 85' lang='lat' dir='ltr'><strong>notaverit,</strong></span> 
     </span>
     <span class='ocr_line' id='line_1_5' title="bbox 10 590 1298 683; baseline -0.004 -23"><span class='ocrx_word' id='word_1_20' title='bbox 10 652 13 683; x_wconf 57' lang='grc'><strong>.</strong></span> <span class='ocrx_word' id='word_1_21' title='bbox 95 595 155 660; x_wconf 88' lang='grc'><strong>1110</strong></span> <span class='ocrx_word' id='word_1_22' title='bbox 184 602 287 678; x_wconf 83' lang='grc'><strong>01000</strong></span> <span class='ocrx_word' id='word_1_23' title='bbox 303 599 454 661; x_wconf 86' lang='grc'><strong>00000010</strong></span> <span class='ocrx_word' id='word_1_24' title='bbox 476 595 605 678; x_wconf 89' lang='lat' dir='ltr'><strong>quidem</strong></span> <span class='ocrx_word' id='word_1_25' title='bbox 619 612 657 660; x_wconf 91' lang='lat' dir='ltr'><strong>ac</strong></span> <span class='ocrx_word' id='word_1_26' title='bbox 677 599 764 660; x_wconf 91' lang='lat' dir='ltr'><strong>recte</strong></span> <span class='ocrx_word' id='word_1_27' title='bbox 781 595 944 662; x_wconf 78' lang='lat' dir='ltr'><strong>uobiscum</strong></span> <span class='ocrx_word' id='word_1_28' title='bbox 967 593 1177 660; x_wconf 79' lang='lat' dir='ltr'><strong>communicat</strong></span> <span class='ocrx_word' id='word_1_29' title='bbox 1190 590 1242 676; x_wconf 83' lang='lat'><strong>¹)?</strong></span> <span class='ocrx_word' id='word_1_30' title='bbox 1256 627 1298 638; x_wconf 95' lang='lat'>-</span> 
     </span>
     <span class='ocr_line' id='line_1_6' title="bbox 8 702 1299 788; baseline -0.003 -14"><span class='ocrx_word' id='word_1_31' title='bbox 8 731 9 744; x_wconf 54' lang='lat'>¹</span> <span class='ocrx_word' id='word_1_32' title='bbox 93 727 168 774; x_wconf 88' lang='lat' dir='ltr'><strong>uno</strong></span> <span class='ocrx_word' id='word_1_33' title='bbox 205 707 276 775; x_wconf 89' lang='grc'><strong>1000</strong></span> <span class='ocrx_word' id='word_1_34' title='bbox 309 707 548 774; x_wconf 86' lang='lat' dir='ltr'><strong>dissentientem</strong></span> <span class='ocrx_word' id='word_1_35' title='bbox 578 705 775 788; x_wconf 82' lang='lat' dir='ltr'><strong>amagistro</strong></span> <span class='ocrx_word' id='word_1_36' title='bbox 805 711 949 772; x_wconf 89' lang='lat' dir='ltr'><strong>nostrum</strong></span> <span class='ocrx_word' id='word_1_37' title='bbox 971 702 1240 786; x_wconf 87' lang='lat' dir='ltr'><strong>deprehendimus</strong></span> <span class='ocrx_word' id='word_1_38' title='bbox 1261 721 1299 770; x_wconf 86' lang='lat' dir='ltr'><strong>ac</strong></span> 
     </span>
     <span class='ocr_line' id='line_1_7' title="bbox 8 793 1298 902; baseline -0.005 -17"><span class='ocrx_word' id='word_1_39' title='bbox 8 793 9 810; x_wconf 12' lang='grc' dir='ltr'>ἵ</span> <span class='ocrx_word' id='word_1_40' title='bbox 94 821 265 886; x_wconf 87' lang='lat' dir='ltr'><strong>deteriori</strong></span> <span class='ocrx_word' id='word_1_41' title='bbox 288 819 408 886; x_wconf 90' lang='lat' dir='ltr'><strong>iudicio</strong></span> <span class='ocrx_word' id='word_1_42' title='bbox 431 817 605 896; x_wconf 89' lang='lat' dir='ltr'><strong>addictum,</strong></span> <span class='ocrx_word' id='word_1_43' title='bbox 628 815 723 882; x_wconf 88' lang='lat' dir='ltr'><strong>schol.</strong></span> <span class='ocrx_word' id='word_1_44' title='bbox 745 817 824 882; x_wconf 91' lang='lat' dir='ltr'><strong>Rau.</strong></span> <span class='ocrx_word' id='word_1_45' title='bbox 840 815 905 883; x_wconf 88' lang='grc'><strong>420</strong></span> <span class='ocrx_word' id='word_1_46' title='bbox 927 813 962 881; x_wconf 79' lang='grc' dir='ltr'><strong>ἐν</strong></span> <span class='ocrx_word' id='word_1_47' title='bbox 983 807 1141 893; x_wconf 79' lang='grc' dir='ltr'><strong>001ςᾶνο</strong></span> <span class='ocrx_word' id='word_1_48' title='bbox 1163 816 1298 902; x_wconf 81' lang='grc' dir='ltr'><strong><em>νεκροῖς]</em></strong></span> 
     </span>
    </p>
   </div>
   <div class='ocr_carea' id='block_1_4' title="bbox 94 921 1413 1020">
    <p class='ocr_par' dir='ltr' id='par_1_4' title="bbox 94 921 1413 1020">
     <span class='ocr_line' id='line_1_8' title="bbox 94 921 1413 1020; baseline -0.007 -24"><span class='ocrx_word' id='word_1_49' title='bbox 94 923 158 1011; x_wconf 77' lang='grc' dir='ltr'><strong>οὐχ</strong></span> <span class='ocrx_word' id='word_1_50' title='bbox 199 925 244 1008; x_wconf 84' lang='grc' dir='ltr'><strong>ὡς</strong></span> <span class='ocrx_word' id='word_1_51' title='bbox 273 923 500 1004; x_wconf 78' lang='grc' dir='ltr'><strong><em>Ἀπολλώνιος</em></strong></span> <span class='ocrx_word' id='word_1_52' title='bbox 531 925 617 1014; x_wconf 79' lang='grc' dir='ltr'><strong><em>πρὸς</em></strong></span> <span class='ocrx_word' id='word_1_53' title='bbox 649 925 705 1016; x_wconf 79' lang='grc' dir='ltr'><strong>τὴν</strong></span> <span class='ocrx_word' id='word_1_54' title='bbox 734 921 882 1015; x_wconf 70' lang='grc' dir='ltr'><strong><em>ἐξήγησιν</em></strong></span> <span class='ocrx_word' id='word_1_55' title='bbox 912 928 969 992; x_wconf 82' lang='grc' dir='ltr'><strong>τοῦ</strong></span> <span class='ocrx_word' id='word_1_56' title='bbox 999 924 1069 1014; x_wconf 82' lang='grc' dir='ltr'><strong>[τὴν</strong></span> <span class='ocrx_word' id='word_1_57' title='bbox 1098 926 1208 1006; x_wconf 64' lang='lat' dir='ltr'><strong>codd„</strong></span> <span class='ocrx_word' id='word_1_58' title='bbox 1239 944 1297 990; x_wconf 86' lang='lat' dir='ltr'><strong>em.</strong></span> <span class='ocrx_word' id='word_1_59' title='bbox 1412 1017 1413 1020; x_wconf 7' lang='grc' dir='ltr'><strong>Ἴ</strong></span> 
     </span>
    </p>
   </div>
   <div class='ocr_carea' id='block_1_5' title="bbox 4 1029 1299 3580">
    <p class='ocr_par' dir='ltr' id='par_1_5' title="bbox 4 1029 1299 2353">
     <span class='ocr_line' id='line_1_9' title="bbox 4 1029 1299 1127; baseline -0.007 -19"><span class='ocrx_word' id='word_1_60' title='bbox 4 1060 5 1077; x_wconf 68' lang='grc'>’</span> <span class='ocrx_word' id='word_1_61' title='bbox 93 1043 292 1123; x_wconf 85' lang='lat' dir='ltr'><strong>Fritzsehe]</strong></span> <span class='ocrx_word' id='word_1_62' title='bbox 310 1035 348 1106; x_wconf 74' lang='lat' dir='ltr'><strong>‘et</strong></span> <span class='ocrx_word' id='word_1_63' title='bbox 364 1037 409 1127; x_wconf 84' lang='grc' dir='ltr'><strong>μὴ</strong></span> <span class='ocrx_word' id='word_1_64' title='bbox 429 1033 644 1126; x_wconf 76' lang='grc' dir='ltr'><em>νεναυμάχηκε</em></span> <span class='ocrx_word' id='word_1_65' title='bbox 659 1037 715 1126; x_wconf 76' lang='grc' dir='ltr'><strong>τὴν</strong></span> <span class='ocrx_word' id='word_1_66' title='bbox 737 1036 816 1123; x_wconf 80' lang='grc' dir='ltr'><strong><em>περὶ</em></strong></span> <span class='ocrx_word' id='word_1_67' title='bbox 837 1037 902 1103; x_wconf 84' lang='grc' dir='ltr'><strong>νῶν</strong></span> <span class='ocrx_word' id='word_1_68' title='bbox 915 1029 1034 1126; x_wconf 82' lang='grc' dir='ltr'><strong>κρεῶν’,</strong></span> <span class='ocrx_word' id='word_1_69' title='bbox 1057 1031 1148 1116; x_wconf 72' lang='grc' dir='ltr'><strong><em>ὅσι’)</em></strong></span> <span class='ocrx_word' id='word_1_70' title='bbox 1172 1033 1228 1100; x_wconf 81' lang='grc' dir='ltr'><strong>διὰ</strong></span> <span class='ocrx_word' id='word_1_71' title='bbox 1242 1032 1299 1122; x_wconf 84' lang='grc' dir='ltr'><strong>τὴν</strong></span> 
     </span>
     <span class='ocr_line' id='line_1_10' title="bbox 94 1142 1296 1241; baseline -0.006 -22"><span class='ocrx_word' id='word_1_72' title='bbox 94 1149 341 1241; x_wconf 76' lang='grc' dir='ltr'><strong><em>κακοπραγίαν</em></strong></span> <span class='ocrx_word' id='word_1_73' title='bbox 369 1149 499 1236; x_wconf 78' lang='grc' dir='ltr'><strong><em>νεκροὺς</em></strong></span> <span class='ocrx_word' id='word_1_74' title='bbox 536 1147 610 1227; x_wconf 77' lang='grc' dir='ltr'><strong><em>τοὺς</em></strong></span> <span class='ocrx_word' id='word_1_75' title='bbox 636 1142 834 1236; x_wconf 55' lang='grc' dir='ltr'><strong><em>Ἀθηναίους</em></strong></span> <span class='ocrx_word' id='word_1_76' title='bbox 871 1146 1015 1234; x_wconf 80' lang='grc' dir='ltr'><strong><em>λέγουσι·</em></strong></span> <span class='ocrx_word' id='word_1_77' title='bbox 1054 1146 1181 1236; x_wconf 81' lang='grc' dir='ltr'><strong><em>ψυχρὸν</em></strong></span> <span class='ocrx_word' id='word_1_78' title='bbox 1216 1143 1296 1232; x_wconf 81' lang='grc' dir='ltr'><strong><em>γάρ·</em></strong></span> 
     </span>
     <span class='ocr_line' id='line_1_11' title="bbox 95 1258 1297 1345; baseline -0.004 -16"><span class='ocrx_word' id='word_1_79' title='bbox 95 1258 197 1330; x_wconf 80' lang='grc' dir='ltr'><em>ἀλλὰ</em></span> <span class='ocrx_word' id='word_1_80' title='bbox 219 1259 287 1330; x_wconf 67' lang='lat' dir='ltr'><strong>aaa.</strong></span> <span class='ocrx_word' id='word_1_81' title='bbox 325 1265 389 1331; x_wconf 91' lang='lat' dir='ltr'><strong>iam</strong></span> <span class='ocrx_word' id='word_1_82' title='bbox 404 1281 516 1330; x_wconf 83' lang='lat' dir='ltr'><strong>versus</strong></span> <span class='ocrx_word' id='word_1_83' title='bbox 539 1267 588 1328; x_wconf 89' lang='lat' dir='ltr'><strong>est</strong></span> <span class='ocrx_word' id='word_1_84' title='bbox 610 1262 675 1344; x_wconf 84' lang='lat' dir='ltr'><strong>ille,</strong></span> <span class='ocrx_word' id='word_1_85' title='bbox 698 1264 849 1345; x_wconf 86' lang='lat' dir='ltr'><strong>adquam</strong></span> <span class='ocrx_word' id='word_1_86' title='bbox 873 1261 1009 1328; x_wconf 88' lang='lat' dir='ltr'><strong>recurrit</strong></span> <span class='ocrx_word' id='word_1_87' title='bbox 1030 1261 1083 1328; x_wconf 95' lang='lat' dir='ltr'><strong>hic</strong></span> <span class='ocrx_word' id='word_1_88' title='bbox 1100 1259 1297 1343; x_wconf 83' lang='lat' dir='ltr'><strong>Apollonius,</strong></span> 
     </span>
     <span class='ocr_line' id='line_1_12' title="bbox 96 1371 1295 1459; baseline -0.006 -17"><span class='ocrx_word' id='word_1_89' title='bbox 96 1379 186 1457; x_wconf 87' lang='lat'>191,</span> <span class='ocrx_word' id='word_1_90' title='bbox 219 1377 250 1442; x_wconf 92' lang='lat' dir='ltr'><strong>in</strong></span> <span class='ocrx_word' id='word_1_91' title='bbox 274 1395 336 1459; x_wconf 91' lang='lat' dir='ltr'><strong>quo</strong></span> <span class='ocrx_word' id='word_1_92' title='bbox 359 1376 440 1440; x_wconf 88' lang='lat' dir='ltr'><strong>duas</strong></span> <span class='ocrx_word' id='word_1_93' title='bbox 462 1373 560 1438; x_wconf 90' lang='lat' dir='ltr'><strong>fuisse</strong></span> <span class='ocrx_word' id='word_1_94' title='bbox 582 1373 734 1439; x_wconf 90' lang='lat' dir='ltr'><strong>lectiones</strong></span> <span class='ocrx_word' id='word_1_95' title='bbox 756 1373 852 1439; x_wconf 88' lang='lat' dir='ltr'><strong>schol.</strong></span> <span class='ocrx_word' id='word_1_96' title='bbox 876 1374 985 1456; x_wconf 92' lang='grc'><strong>(10001,</strong></span> <span class='ocrx_word' id='word_1_97' title='bbox 1009 1391 1104 1438; x_wconf 91' lang='lat' dir='ltr'><strong>unam</strong></span> <span class='ocrx_word' id='word_1_98' title='bbox 1126 1371 1295 1454; x_wconf 85' lang='lat' dir='ltr'><strong>genuinam</strong></span> 
     </span>
     <span class='ocr_line' id='line_1_13' title="bbox 95 1481 1296 1573; baseline -0.007 -18"><span class='ocrx_word' id='word_1_99' title='bbox 95 1499 201 1555; x_wconf 89' lang='lat' dir='ltr'><strong>certe</strong></span> <span class='ocrx_word' id='word_1_100' title='bbox 222 1496 320 1570; x_wconf 87' lang='lat' dir='ltr'><strong>atque</strong></span> <span class='ocrx_word' id='word_1_101' title='bbox 341 1487 381 1552; x_wconf 90' lang='lat' dir='ltr'><strong>ab</strong></span> <span class='ocrx_word' id='word_1_102' title='bbox 405 1485 592 1551; x_wconf 81' lang='lat' dir='ltr'><strong>Aristarcho</strong></span> <span class='ocrx_word' id='word_1_103' title='bbox 615 1484 777 1551; x_wconf 86' lang='lat' dir='ltr'><strong>defensam</strong></span> <span class='ocrx_word' id='word_1_104' title='bbox 791 1485 821 1569; x_wconf 73' lang='grc'><strong>8)</strong></span> <span class='ocrx_word' id='word_1_105' title='bbox 851 1481 908 1573; x_wconf 82' lang='grc' dir='ltr'><strong>τὴν</strong></span> <span class='ocrx_word' id='word_1_106' title='bbox 929 1481 1007 1571; x_wconf 75' lang='grc' dir='ltr'><strong><em>περὶ</em></strong></span> <span class='ocrx_word' id='word_1_107' title='bbox 1029 1482 1096 1548; x_wconf 83' lang='grc' dir='ltr'><strong>τῶν</strong></span> <span class='ocrx_word' id='word_1_108' title='bbox 1117 1485 1228 1570; x_wconf 83' lang='grc' dir='ltr'><strong><em>κρεῶν,</em></strong></span> <span class='ocrx_word' id='word_1_109' title='bbox 1250 1481 1296 1547; x_wconf 86' lang='grc'><strong>01-</strong></span> 
     </span>
     <span class='ocr_line' id='line_1_14' title="bbox 95 1595 1295 1684; baseline -0.008 -17"><span class='ocrx_word' id='word_1_110' title='bbox 95 1607 216 1666; x_wconf 88' lang='lat' dir='ltr'><strong>teram</strong></span> <span class='ocrx_word' id='word_1_111' title='bbox 238 1622 267 1664; x_wconf 83' lang='grc' dir='ltr'><strong>ν.</strong></span> <span class='ocrx_word' id='word_1_112' title='bbox 289 1623 326 1664; x_wconf 80' lang='grc' dir='ltr'><strong>ιι.</strong></span> <span class='ocrx_word' id='word_1_113' title='bbox 349 1622 377 1663; x_wconf 83' lang='grc' dir='ltr'><strong>ν.</strong></span> <span class='ocrx_word' id='word_1_114' title='bbox 400 1597 575 1684; x_wconf 52' lang='grc' dir='ltr'><strong>νεκρῶν).</strong></span> <span class='ocrx_word' id='word_1_115' title='bbox 620 1601 653 1661; x_wconf 92' lang='grc'><strong>01</strong></span> <span class='ocrx_word' id='word_1_116' title='bbox 674 1597 756 1663; x_wconf 90' lang='lat' dir='ltr'><strong>hane</strong></span> <span class='ocrx_word' id='word_1_117' title='bbox 778 1596 906 1677; x_wconf 89' lang='lat' dir='ltr'><strong>quidem</strong></span> <span class='ocrx_word' id='word_1_118' title='bbox 922 1597 1114 1679; x_wconf 89' lang='lat' dir='ltr'><strong>scripturam</strong></span> <span class='ocrx_word' id='word_1_119' title='bbox 1136 1602 1170 1660; x_wconf 91' lang='grc'><strong>01</strong></span> <span class='ocrx_word' id='word_1_120' title='bbox 1190 1595 1295 1677; x_wconf 91' lang='lat' dir='ltr'><strong>ipsum</strong></span> 
     </span>
     <span class='ocr_line' id='line_1_15' title="bbox 98 1708 1296 1792; baseline -0.006 -16"><span class='ocrx_word' id='word_1_121' title='bbox 98 1719 259 1776; x_wconf 90' lang='lat' dir='ltr'><strong>nostrum</strong></span> <span class='ocrx_word' id='word_1_122' title='bbox 280 1711 462 1792; x_wconf 85' lang='lat' dir='ltr'><strong>amplexum</strong></span> <span class='ocrx_word' id='word_1_123' title='bbox 484 1726 554 1773; x_wconf 87' lang='lat' dir='ltr'><strong>esse</strong></span> <span class='ocrx_word' id='word_1_124' title='bbox 580 1727 597 1773; x_wconf 93' lang='lat' dir='ltr'><strong>e</strong></span> <span class='ocrx_word' id='word_1_125' title='bbox 619 1709 715 1774; x_wconf 93' lang='lat' dir='ltr'><strong>schol.</strong></span> <span class='ocrx_word' id='word_1_126' title='bbox 737 1708 802 1774; x_wconf 88' lang='grc'><strong>420</strong></span> <span class='ocrx_word' id='word_1_127' title='bbox 823 1725 953 1790; x_wconf 86' lang='grc'><strong>0000000</strong></span> <span class='ocrx_word' id='word_1_128' title='bbox 975 1712 1129 1790; x_wconf 85' lang='lat' dir='ltr'><strong>apparet,</strong></span> <span class='ocrx_word' id='word_1_129' title='bbox 1150 1726 1209 1788; x_wconf 89' lang='lat' dir='ltr'><strong>pro</strong></span> <span class='ocrx_word' id='word_1_130' title='bbox 1232 1723 1296 1787; x_wconf 89' lang='lat' dir='ltr'><strong>qua</strong></span> 
     </span>
     <span class='ocr_line' id='line_1_16' title="bbox 97 1819 1295 1904; baseline -0.005 -16"><span class='ocrx_word' id='word_1_131' title='bbox 97 1823 196 1889; x_wconf 84' lang='lat' dir='ltr'><strong>falso</strong></span> <span class='ocrx_word' id='word_1_132' title='bbox 226 1821 289 1904; x_wconf 84' lang='lat' dir='ltr'><strong>legi</strong></span> <span class='ocrx_word' id='word_1_133' title='bbox 319 1822 421 1904; x_wconf 84' lang='grc' dir='ltr'><strong><em>κρεῶν</em></strong></span> <span class='ocrx_word' id='word_1_134' title='bbox 452 1825 538 1886; x_wconf 90' lang='grc'><strong>00010</strong></span> <span class='ocrx_word' id='word_1_135' title='bbox 570 1821 634 1886; x_wconf 86' lang='lat' dir='ltr'><strong>iam</strong></span> <span class='ocrx_word' id='word_1_136' title='bbox 656 1821 816 1885; x_wconf 88' lang='lat' dir='ltr'><strong>Kusterus</strong></span> <span class='ocrx_word' id='word_1_137' title='bbox 845 1819 1016 1902; x_wconf 86' lang='lat' dir='ltr'><strong>perspexit.</strong></span> <span class='ocrx_word' id='word_1_138' title='bbox 1061 1836 1156 1903; x_wconf 91' lang='lat' dir='ltr'><strong>quam</strong></span> <span class='ocrx_word' id='word_1_139' title='bbox 1186 1822 1295 1884; x_wconf 88' lang='lat' dir='ltr'><strong>autem</strong></span> 
     </span>
     <span class='ocr_line' id='line_1_17' title="bbox 99 1929 1295 2014; baseline -0.005 -14"><span class='ocrx_word' id='word_1_140' title='bbox 99 1935 163 2000; x_wconf 92' lang='lat' dir='ltr'><strong>hic</strong></span> <span class='ocrx_word' id='word_1_141' title='bbox 199 1931 494 2014; x_wconf 80' lang='lat' dir='ltr'><strong>interpretationem</strong></span> <span class='ocrx_word' id='word_1_142' title='bbox 524 1931 609 1996; x_wconf 90' lang='lat' dir='ltr'><strong>illius</strong></span> <span class='ocrx_word' id='word_1_143' title='bbox 637 1949 750 1997; x_wconf 84' lang='lat' dir='ltr'><strong>versus</strong></span> <span class='ocrx_word' id='word_1_144' title='bbox 780 1931 822 1996; x_wconf 88' lang='lat' dir='ltr'><strong>ad</strong></span> <span class='ocrx_word' id='word_1_145' title='bbox 850 1930 935 1997; x_wconf 93' lang='lat' dir='ltr'><strong>hunc</strong></span> <span class='ocrx_word' id='word_1_146' title='bbox 958 1929 1050 2012; x_wconf 79' lang='grc'><strong>(420)</strong></span> <span class='ocrx_word' id='word_1_147' title='bbox 1073 1929 1295 2012; x_wconf 85' lang='lat' dir='ltr'><strong>explicandum</strong></span> 
     </span>
     <span class='ocr_line' id='line_1_18' title="bbox 101 2036 1295 2131; baseline -0.006 -19"><span class='ocrx_word' id='word_1_148' title='bbox 101 2052 224 2112; x_wconf 88' lang='lat' dir='ltr'><strong>noster</strong></span> <span class='ocrx_word' id='word_1_149' title='bbox 245 2044 355 2110; x_wconf 85' lang='lat' dir='ltr'><strong>afferre</strong></span> <span class='ocrx_word' id='word_1_150' title='bbox 384 2043 501 2108; x_wconf 90' lang='lat' dir='ltr'><strong>dicitur</strong></span> <span class='ocrx_word' id='word_1_151' title='bbox 524 2039 625 2131; x_wconf 77' lang='grc' dir='ltr'><strong>(πρὸς</strong></span> <span class='ocrx_word' id='word_1_152' title='bbox 645 2041 702 2130; x_wconf 79' lang='grc' dir='ltr'><strong>τὴν</strong></span> <span class='ocrx_word' id='word_1_153' title='bbox 725 2036 875 2129; x_wconf 76' lang='grc' dir='ltr'><strong>ἐξήγησιν</strong></span> <span class='ocrx_word' id='word_1_154' title='bbox 896 2045 953 2107; x_wconf 81' lang='grc' dir='ltr'><strong>τοῦ</strong></span> <span class='ocrx_word' id='word_1_155' title='bbox 974 2043 1041 2127; x_wconf 86' lang='grc'><strong>-),</strong></span> <span class='ocrx_word' id='word_1_156' title='bbox 1070 2060 1147 2107; x_wconf 86' lang='grc'><strong>0000</strong></span> <span class='ocrx_word' id='word_1_157' title='bbox 1171 2039 1295 2107; x_wconf 89' lang='lat' dir='ltr'><strong>conclu-</strong></span> 
     </span>
     <span class='ocr_line' id='line_1_19' title="bbox 103 2145 1294 2242; baseline -0.004 -19"><span class='ocrx_word' id='word_1_158' title='bbox 103 2159 206 2223; x_wconf 91' lang='lat' dir='ltr'><strong>ditur</strong></span> <span class='ocrx_word' id='word_1_159' title='bbox 235 2175 272 2221; x_wconf 87' lang='lat' dir='ltr'><strong>ea</strong></span> <span class='ocrx_word' id='word_1_160' title='bbox 292 2155 343 2220; x_wconf 91' lang='lat' dir='ltr'><strong>his</strong></span> <span class='ocrx_word' id='word_1_161' title='bbox 372 2155 470 2222; x_wconf 91' lang='lat' dir='ltr'><strong>schol.</strong></span> <span class='ocrx_word' id='word_1_162' title='bbox 499 2155 811 2221; x_wconf 87' lang='lat' dir='ltr'><strong>iuv.193verbis:</strong></span> <span class='ocrx_word' id='word_1_163' title='bbox 841 2147 861 2242; x_wconf 83' lang='grc' dir='ltr'>ἢ</span> <span class='ocrx_word' id='word_1_164' title='bbox 892 2147 942 2240; x_wconf 74' lang='grc' dir='ltr'><strong>εἴη</strong></span> <span class='ocrx_word' id='word_1_165' title='bbox 973 2145 1013 2218; x_wconf 67' lang='lat' dir='ltr'><strong>tv</strong></span> <span class='ocrx_word' id='word_1_166' title='bbox 1041 2151 1143 2236; x_wconf 80' lang='grc' dir='ltr'><strong><em>λέγων</em></strong></span> <span class='ocrx_word' id='word_1_167' title='bbox 1163 2149 1294 2238; x_wconf 73' lang='grc' dir='ltr'><strong><em>νεκροὺς</em></strong></span> 
     </span>
     <span class='ocr_line' id='line_1_20' title="bbox 101 2259 1044 2353; baseline -0.004 -19"><span class='ocrx_word' id='word_1_168' title='bbox 101 2265 189 2344; x_wconf 79' lang='grc' dir='ltr'><strong><em>τοὺς</em></strong></span> <span class='ocrx_word' id='word_1_169' title='bbox 206 2259 413 2353; x_wconf 78' lang='grc' dir='ltr'><strong><em>Ἀθηναίους,</em></strong></span> <span class='ocrx_word' id='word_1_170' title='bbox 437 2263 493 2330; x_wconf 77' lang='grc' dir='ltr'><strong>διὰ</strong></span> <span class='ocrx_word' id='word_1_171' title='bbox 514 2262 553 2330; x_wconf 80' lang='grc' dir='ltr'><strong>τὸ</strong></span> <span class='ocrx_word' id='word_1_172' title='bbox 575 2261 719 2346; x_wconf 79' lang='grc' dir='ltr'><em>ἐσχάτως</em></span> <span class='ocrx_word' id='word_1_173' title='bbox 740 2261 814 2330; x_wconf 74' lang='lat' dir='ltr'><strong>edre</strong></span> <span class='ocrx_word' id='word_1_174' title='bbox 835 2260 1044 2352; x_wconf 68' lang='lat' dir='ltr'><strong>mpoiccsffl).</strong></span> 
     </span>
    </p>

    <p class='ocr_par' dir='ltr' id='par_1_6' title="bbox 101 2375 1295 3580">
     <span class='ocr_line' id='line_1_21' title="bbox 200 2375 1295 2460; baseline -0.002 -18"><span class='ocrx_word' id='word_1_175' title='bbox 200 2378 250 2443; x_wconf 89' lang='lat' dir='ltr'><strong>his</strong></span> <span class='ocrx_word' id='word_1_176' title='bbox 272 2379 349 2444; x_wconf 91' lang='grc'><strong>10010</strong></span> <span class='ocrx_word' id='word_1_177' title='bbox 379 2378 525 2444; x_wconf 92' lang='lat' dir='ltr'><strong>omnibus</strong></span> <span class='ocrx_word' id='word_1_178' title='bbox 554 2377 673 2460; x_wconf 91' lang='lat' dir='ltr'><strong>absque</strong></span> <span class='ocrx_word' id='word_1_179' title='bbox 701 2378 798 2444; x_wconf 93' lang='lat' dir='ltr'><strong>dubio</strong></span> <span class='ocrx_word' id='word_1_180' title='bbox 820 2395 918 2442; x_wconf 92' lang='lat' dir='ltr'><strong>unum</strong></span> <span class='ocrx_word' id='word_1_181' title='bbox 948 2378 1145 2459; x_wconf 91' lang='lat' dir='ltr'><strong>eundemque</strong></span> <span class='ocrx_word' id='word_1_182' title='bbox 1166 2375 1295 2459; x_wconf 90' lang='lat' dir='ltr'><strong>Apollo-</strong></span> 
     </span>
     <span class='ocr_line' id='line_1_22' title="bbox 103 2487 1294 2571; baseline -0.005 -13"><span class='ocrx_word' id='word_1_183' title='bbox 103 2493 202 2558; x_wconf 91' lang='lat' dir='ltr'><strong>nium</strong></span> <span class='ocrx_word' id='word_1_184' title='bbox 218 2489 397 2556; x_wconf 84' lang='lat' dir='ltr'><strong>Aristarchi</strong></span> <span class='ocrx_word' id='word_1_185' title='bbox 420 2488 610 2570; x_wconf 88' lang='lat' dir='ltr'><strong>discipulum</strong></span> <span class='ocrx_word' id='word_1_186' title='bbox 632 2489 856 2571; x_wconf 82' lang='lat' dir='ltr'><strong>Aristophanis</strong></span> <span class='ocrx_word' id='word_1_187' title='bbox 877 2489 1085 2570; x_wconf 90' lang='lat' dir='ltr'><strong>interpretem</strong></span> <span class='ocrx_word' id='word_1_188' title='bbox 1106 2487 1294 2554; x_wconf 81' lang='lat' dir='ltr'><strong>invenimus.</strong></span> 
     </span>
     <span class='ocr_line' id='line_1_23' title="bbox 102 2600 1293 2685; baseline -0.003 -15"><span class='ocrx_word' id='word_1_189' title='bbox 102 2621 224 2670; x_wconf 86' lang='lat' dir='ltr'><strong>verum</strong></span> <span class='ocrx_word' id='word_1_190' title='bbox 248 2607 297 2666; x_wconf 91' lang='lat' dir='ltr'><strong>est</strong></span> <span class='ocrx_word' id='word_1_191' title='bbox 319 2601 404 2685; x_wconf 92' lang='lat' dir='ltr'><strong>quod</strong></span> <span class='ocrx_word' id='word_1_192' title='bbox 428 2601 467 2666; x_wconf 92' lang='lat' dir='ltr'><strong>de</strong></span> <span class='ocrx_word' id='word_1_193' title='bbox 489 2601 562 2666; x_wconf 88' lang='lat' dir='ltr'><strong>aliis</strong></span> <span class='ocrx_word' id='word_1_194' title='bbox 584 2619 708 2684; x_wconf 91' lang='lat' dir='ltr'><strong>quoque</strong></span> <span class='ocrx_word' id='word_1_195' title='bbox 731 2600 887 2666; x_wconf 91' lang='lat' dir='ltr'><strong>nonnullis</strong></span> <span class='ocrx_word' id='word_1_196' title='bbox 909 2600 1038 2666; x_wconf 90' lang='lat' dir='ltr'><strong>scholiis</strong></span> <span class='ocrx_word' id='word_1_197' title='bbox 1060 2601 1145 2666; x_wconf 90' lang='lat' dir='ltr'><strong>idern</strong></span> <span class='ocrx_word' id='word_1_198' title='bbox 1168 2606 1293 2667; x_wconf 85' lang='lat' dir='ltr'><strong>statua·</strong></span> 
     </span>
     <span class='ocr_line' id='line_1_24' title="bbox 101 2712 1293 2795; baseline -0.003 -15"><span class='ocrx_word' id='word_1_199' title='bbox 101 2731 192 2780; x_wconf 90' lang='lat' dir='ltr'><strong>mus.</strong></span> <span class='ocrx_word' id='word_1_200' title='bbox 237 2713 356 2794; x_wconf 90' lang='lat' dir='ltr'><strong>optime</strong></span> <span class='ocrx_word' id='word_1_201' title='bbox 388 2713 470 2778; x_wconf 91' lang='lat' dir='ltr'><strong>enim</strong></span> <span class='ocrx_word' id='word_1_202' title='bbox 502 2713 624 2778; x_wconf 91' lang='lat' dir='ltr'><strong>monuit</strong></span> <span class='ocrx_word' id='word_1_203' title='bbox 639 2713 688 2778; x_wconf 84' lang='lat' dir='ltr'><strong>M.</strong></span> <span class='ocrx_word' id='word_1_204' title='bbox 711 2712 865 2778; x_wconf 86' lang='lat' dir='ltr'><strong>Schmidt.</strong></span> <span class='ocrx_word' id='word_1_205' title='bbox 888 2713 908 2778; x_wconf 93' lang='lat' dir='ltr'><strong>l.</strong></span> <span class='ocrx_word' id='word_1_206' title='bbox 931 2713 951 2778; x_wconf 92' lang='grc'><strong>1.</strong></span> <span class='ocrx_word' id='word_1_207' title='bbox 974 2732 1006 2795; x_wconf 90' lang='lat' dir='ltr'><strong>p.</strong></span> <span class='ocrx_word' id='word_1_208' title='bbox 1028 2713 1102 2793; x_wconf 87' lang='grc'><strong>286,</strong></span> <span class='ocrx_word' id='word_1_209' title='bbox 1124 2730 1195 2778; x_wconf 92' lang='lat' dir='ltr'><strong>cum</strong></span> <span class='ocrx_word' id='word_1_210' title='bbox 1219 2712 1293 2777; x_wconf 83' lang='lat' dir='ltr'><strong>Ari·</strong></span> 
     </span>
     <span class='ocr_line' id='line_1_25' title="bbox 102 2823 1293 2907; baseline -0.002 -17"><span class='ocrx_word' id='word_1_211' title='bbox 102 2825 279 2906; x_wconf 92' lang='lat' dir='ltr'><strong>stophanis</strong></span> <span class='ocrx_word' id='word_1_212' title='bbox 302 2823 449 2907; x_wconf 88' lang='lat' dir='ltr'><strong>Byzantii</strong></span> <span class='ocrx_word' id='word_1_213' title='bbox 482 2824 514 2888; x_wconf 94' lang='lat' dir='ltr'><strong>iu</strong></span> <span class='ocrx_word' id='word_1_214' title='bbox 545 2825 760 2906; x_wconf 86' lang='lat' dir='ltr'><strong>cognominem</strong></span> <span class='ocrx_word' id='word_1_215' title='bbox 783 2824 942 2890; x_wconf 82' lang='lat' dir='ltr'><strong>Comicum</strong></span> <span class='ocrx_word' id='word_1_216' title='bbox 977 2824 1214 2891; x_wconf 87' lang='lat' dir='ltr'><strong>observationes</strong></span> <span class='ocrx_word' id='word_1_217' title='bbox 1235 2843 1293 2907; x_wconf 91' lang='lat' dir='ltr'><strong>per</strong></span> 
     </span>
     <span class='ocr_line' id='line_1_26' title="bbox 103 2935 1292 3019; baseline -0.001 -16"><span class='ocrx_word' id='word_1_218' title='bbox 103 2938 179 3004; x_wconf 92' lang='lat' dir='ltr'><strong>eius</strong></span> <span class='ocrx_word' id='word_1_219' title='bbox 207 2935 380 3017; x_wconf 88' lang='lat' dir='ltr'><strong>discipulos</strong></span> <span class='ocrx_word' id='word_1_220' title='bbox 410 2942 443 3001; x_wconf 92' lang='lat' dir='ltr'><strong>et</strong></span> <span class='ocrx_word' id='word_1_221' title='bbox 471 2935 616 3016; x_wconf 90' lang='lat' dir='ltr'><strong>inprimis</strong></span> <span class='ocrx_word' id='word_1_222' title='bbox 644 2955 703 3017; x_wconf 93' lang='lat' dir='ltr'><strong>per</strong></span> <span class='ocrx_word' id='word_1_223' title='bbox 734 2935 969 3015; x_wconf 79' lang='lat' dir='ltr'><strong>Callistratum,</strong></span> <span class='ocrx_word' id='word_1_224' title='bbox 1004 2935 1180 3019; x_wconf 91' lang='lat' dir='ltr'><strong>principem</strong></span> <span class='ocrx_word' id='word_1_225' title='bbox 1207 2936 1292 3002; x_wconf 91' lang='lat' dir='ltr'><strong>inter</strong></span> 
     </span>
     <span class='ocr_line' id='line_1_27' title="bbox 104 3045 1291 3131; baseline 0.003 -19"><span class='ocrx_word' id='word_1_226' title='bbox 104 3047 198 3127; x_wconf 90' lang='grc'><strong>11100,</strong></span> <span class='ocrx_word' id='word_1_227' title='bbox 229 3046 410 3112; x_wconf 89' lang='lat' dir='ltr'><strong>scholiastis</strong></span> <span class='ocrx_word' id='word_1_228' title='bbox 438 3046 614 3112; x_wconf 89' lang='lat' dir='ltr'><strong>innotuisse</strong></span> <span class='ocrx_word' id='word_1_229' title='bbox 643 3051 784 3127; x_wconf 87' lang='lat' dir='ltr'><strong>constet,</strong></span> <span class='ocrx_word' id='word_1_230' title='bbox 815 3065 877 3112; x_wconf 93' lang='lat' dir='ltr'><strong>non</strong></span> <span class='ocrx_word' id='word_1_231' title='bbox 905 3052 1026 3114; x_wconf 91' lang='lat' dir='ltr'><strong>temere</strong></span> <span class='ocrx_word' id='word_1_232' title='bbox 1048 3045 1128 3128; x_wconf 88' lang='lat' dir='ltr'><strong>fieri,</strong></span> <span class='ocrx_word' id='word_1_233' title='bbox 1150 3049 1235 3131; x_wconf 87' lang='lat' dir='ltr'><strong>quod</strong></span> <span class='ocrx_word' id='word_1_234' title='bbox 1258 3054 1291 3115; x_wconf 91' lang='grc'><strong>01</strong></span> 
     </span>
     <span class='ocr_line' id='line_1_28' title="bbox 106 3158 1291 3242; baseline 0.001 -17"><span class='ocrx_word' id='word_1_235' title='bbox 106 3159 329 3226; x_wconf 85' lang='lat' dir='ltr'><strong>Callistratum</strong></span> <span class='ocrx_word' id='word_1_236' title='bbox 353 3167 385 3223; x_wconf 89' lang='lat' dir='ltr'><strong>et</strong></span> <span class='ocrx_word' id='word_1_237' title='bbox 407 3158 626 3224; x_wconf 81' lang='lat' dir='ltr'><strong>Timachidam</strong></span> <span class='ocrx_word' id='word_1_238' title='bbox 649 3158 902 3240; x_wconf 87' lang='lat' dir='ltr'><strong>Aristophaneos</strong></span> <span class='ocrx_word' id='word_1_239' title='bbox 924 3162 958 3223; x_wconf 89' lang='lat' dir='ltr'><strong>et</strong></span> <span class='ocrx_word' id='word_1_240' title='bbox 979 3158 1070 3224; x_wconf 91' lang='lat' dir='ltr'><strong>illum</strong></span> <span class='ocrx_word' id='word_1_241' title='bbox 1086 3159 1291 3242; x_wconf 86' lang='lat' dir='ltr'><strong>Apollonium</strong></span> 
     </span>
     <span class='ocr_line' id='line_1_29' title="bbox 106 3269 1291 3354; baseline 0 -18"><span class='ocrx_word' id='word_1_242' title='bbox 106 3269 273 3352; x_wconf 88' lang='lat' dir='ltr'><strong>aliquibus</strong></span> <span class='ocrx_word' id='word_1_243' title='bbox 305 3269 383 3336; x_wconf 90' lang='lat' dir='ltr'><strong>locis</strong></span> <span class='ocrx_word' id='word_1_244' title='bbox 415 3269 622 3351; x_wconf 89' lang='lat' dir='ltr'><strong>obloquentes</strong></span> <span class='ocrx_word' id='word_1_245' title='bbox 654 3270 738 3334; x_wconf 86' lang='lat' dir='ltr'><strong>inter</strong></span> <span class='ocrx_word' id='word_1_246' title='bbox 772 3287 806 3335; x_wconf 89' lang='lat' dir='ltr'><strong>se</strong></span> <span class='ocrx_word' id='word_1_247' title='bbox 845 3269 1021 3336; x_wconf 79' lang='lat' dir='ltr'><strong>videamus.</strong></span> <span class='ocrx_word' id='word_1_248' title='bbox 1073 3271 1157 3354; x_wconf 90' lang='lat' dir='ltr'><strong>quod</strong></span> <span class='ocrx_word' id='word_1_249' title='bbox 1188 3271 1291 3353; x_wconf 87' lang='lat' dir='ltr'><strong>spirat</strong></span> 
     </span>
     <span class='ocr_line' id='line_1_30' title="bbox 105 3373 1290 3470; baseline 0 -23"><span class='ocrx_word' id='word_1_250' title='bbox 105 3380 206 3447; x_wconf 88' lang='lat' dir='ltr'><strong>schol.</strong></span> <span class='ocrx_word' id='word_1_251' title='bbox 233 3383 314 3446; x_wconf 89' lang='lat' dir='ltr'><strong>Rau.</strong></span> <span class='ocrx_word' id='word_1_252' title='bbox 338 3381 421 3448; x_wconf 89' lang='grc'><strong>1270</strong></span> <span class='ocrx_word' id='word_1_253' title='bbox 451 3381 549 3447; x_wconf 89' lang='lat' dir='ltr'><strong>etiam</strong></span> <span class='ocrx_word' id='word_1_254' title='bbox 579 3399 677 3462; x_wconf 87' lang='lat' dir='ltr'><strong>supra</strong></span> <span class='ocrx_word' id='word_1_255' title='bbox 706 3381 841 3446; x_wconf 89' lang='lat' dir='ltr'><strong>allatum</strong></span> <span class='ocrx_word' id='word_1_256' title='bbox 871 3374 992 3446; x_wconf 73' lang='grc' dir='ltr'><strong><em>κύδιστ’</em></strong></span> <span class='ocrx_word' id='word_1_257' title='bbox 1018 3373 1176 3464; x_wconf 79' lang='grc' dir='ltr'><strong><em>Ἀχαιῶν]</em></strong></span> <span class='ocrx_word' id='word_1_258' title='bbox 1195 3374 1290 3470; x_wconf 73' lang='lat' dir='ltr'><strong>&#39;Apt-</strong></span> 
     </span>
     <span class='ocr_line' id='line_1_31' title="bbox 106 3485 1290 3580; baseline 0.003 -23"><span class='ocrx_word' id='word_1_259' title='bbox 106 3512 250 3577; x_wconf 82' lang='grc' dir='ltr'><strong><em>σταρχσς</em></strong></span> <span class='ocrx_word' id='word_1_260' title='bbox 281 3489 338 3556; x_wconf 80' lang='grc' dir='ltr'><strong>καὶ</strong></span> <span class='ocrx_word' id='word_1_261' title='bbox 367 3485 610 3574; x_wconf 76' lang='grc' dir='ltr'><strong>Ἀπολλώνιος,</strong></span> <span class='ocrx_word' id='word_1_262' title='bbox 639 3488 876 3578; x_wconf 72' lang='grc' dir='ltr'><strong><em>ἐπισκέψασθε</em></strong></span> <span class='ocrx_word' id='word_1_263' title='bbox 905 3489 1014 3560; x_wconf 76' lang='grc' dir='ltr'><strong><em>πόθεν</em></strong></span> <span class='ocrx_word' id='word_1_264' title='bbox 1042 3489 1117 3560; x_wconf 80' lang='grc' dir='ltr'><strong><em>εἰσί.</em></strong></span> <span class='ocrx_word' id='word_1_265' title='bbox 1151 3490 1290 3580; x_wconf 84' lang='grc' dir='ltr'><strong><em>Τιμαχί-</em></strong></span> 
     </span>
    </p>
   </div>
   <div class='ocr_carea' id='block_1_6' title="bbox 107 3616 315 3629">
    <p class='ocr_par' dir='ltr' id='par_1_7' title="bbox 107 3616 315 3629">
     <span class='ocr_line' id='line_1_32' title="bbox 107 3616 315 3629; baseline -0.005 -3"><span class='ocrx_word' id='word_1_266' title='bbox 107 3616 315 3629; x_wconf 79' lang='lat'><strong>¹..—.--—--—</strong></span> 
     </span>
    </p>
   </div>
   <div class='ocr_carea' id='block_1_7' title="bbox 104 3666 1290 4474">
    <p class='ocr_par' dir='ltr' id='par_1_8' title="bbox 197 3666 826 3746">
     <span class='ocr_line' id='line_1_33' title="bbox 197 3666 826 3746; baseline 0.002 -20"><span class='ocrx_word' id='word_1_267' title='bbox 197 3666 227 3744; x_wconf 90' lang='lat' dir='ltr'><strong>l)</strong></span> <span class='ocrx_word' id='word_1_268' title='bbox 249 3687 277 3728; x_wconf 90' lang='grc'><strong>0.</strong></span> <span class='ocrx_word' id='word_1_269' title='bbox 302 3666 458 3727; x_wconf 81' lang='lat' dir='ltr'><strong>Steinthal.</strong></span> <span class='ocrx_word' id='word_1_270' title='bbox 483 3666 677 3744; x_wconf 81' lang='lat' dir='ltr'><strong>Sprachwiss.</strong></span> <span class='ocrx_word' id='word_1_271' title='bbox 701 3687 730 3746; x_wconf 89' lang='lat' dir='ltr'><strong>p.</strong></span> <span class='ocrx_word' id='word_1_272' title='bbox 755 3672 826 3727; x_wconf 79' lang='lat'><strong>448.</strong></span> 
     </span>
    </p>

    <p class='ocr_par' dir='ltr' id='par_1_9' title="bbox 104 3760 1290 3954">
     <span class='ocr_line' id='line_1_34' title="bbox 196 3760 1290 3852; baseline 0.005 -24"><span class='ocrx_word' id='word_1_273' title='bbox 196 3775 226 3839; x_wconf 88' lang='grc'><strong>2)</strong></span> <span class='ocrx_word' id='word_1_274' title='bbox 250 3761 307 3826; x_wconf 81' lang='grc' dir='ltr'><strong><em>ἄλλ’</em></strong></span> <span class='ocrx_word' id='word_1_275' title='bbox 339 3763 384 3828; x_wconf 77' lang='grc' dir='ltr'><strong>ὅτι</strong></span> <span class='ocrx_word' id='word_1_276' title='bbox 414 3769 492 3844; x_wconf 83' lang='lat' dir='ltr'><strong>Ald,</strong></span> <span class='ocrx_word' id='word_1_277' title='bbox 520 3760 587 3826; x_wconf 73' lang='grc' dir='ltr'><strong>ἀλλ’</strong></span> <span class='ocrx_word' id='word_1_278' title='bbox 614 3775 695 3830; x_wconf 89' lang='lat' dir='ltr'><strong>reete</strong></span> <span class='ocrx_word' id='word_1_279' title='bbox 717 3770 880 3846; x_wconf 81' lang='grc' dir='ltr'><strong>0001011Β;</strong></span> <span class='ocrx_word' id='word_1_280' title='bbox 910 3771 1031 3832; x_wconf 88' lang='lat' dir='ltr'><strong>minime</strong></span> <span class='ocrx_word' id='word_1_281' title='bbox 1054 3791 1128 3852; x_wconf 87' lang='lat' dir='ltr'><strong>opus</strong></span> <span class='ocrx_word' id='word_1_282' title='bbox 1150 3777 1196 3832; x_wconf 82' lang='lat' dir='ltr'><strong>est</strong></span> <span class='ocrx_word' id='word_1_283' title='bbox 1218 3765 1290 3833; x_wconf 76' lang='grc' dir='ltr'><strong>οὐδὲ</strong></span> 
     </span>
     <span class='ocr_line' id='line_1_35' title="bbox 104 3867 705 3954; baseline 0.002 -20"><span class='ocrx_word' id='word_1_284' title='bbox 104 3867 151 3934; x_wconf 77' lang='grc' dir='ltr'><strong>ὅτι</strong></span> <span class='ocrx_word' id='word_1_285' title='bbox 175 3874 254 3954; x_wconf 88' lang='lat' dir='ltr'><strong>quod</strong></span> <span class='ocrx_word' id='word_1_286' title='bbox 276 3873 383 3934; x_wconf 80' lang='lat' dir='ltr'><strong>volunt</strong></span> <span class='ocrx_word' id='word_1_287' title='bbox 404 3873 520 3934; x_wconf 86' lang='lat' dir='ltr'><strong>Behker</strong></span> <span class='ocrx_word' id='word_1_288' title='bbox 542 3873 705 3935; x_wconf 84' lang='lat' dir='ltr'><strong>Fritzsohe.</strong></span> 
     </span>
    </p>

    <p class='ocr_par' dir='ltr' id='par_1_10' title="bbox 106 3969 1288 4158">
     <span class='ocr_line' id='line_1_36' title="bbox 195 3969 1288 4062; baseline 0.004 -26"><span class='ocrx_word' id='word_1_289' title='bbox 195 3983 224 4048; x_wconf 86' lang='grc'><strong>3)</strong></span> <span class='ocrx_word' id='word_1_290' title='bbox 248 4011 290 4020; x_wconf 93' lang='grc'>-</span> <span class='ocrx_word' id='word_1_291' title='bbox 313 3969 453 4058; x_wconf 77' lang='grc' dir='ltr'><strong><em>διάφοροι</em></strong></span> <span class='ocrx_word' id='word_1_292' title='bbox 478 3973 511 4036; x_wconf 79' lang='grc' dir='ltr'><strong>αἱ</strong></span> <span class='ocrx_word' id='word_1_293' title='bbox 530 3977 659 4057; x_wconf 78' lang='grc' dir='ltr'><strong><em>γραφαί·</em></strong></span> <span class='ocrx_word' id='word_1_294' title='bbox 693 3975 725 4038; x_wconf 78' lang='grc' dir='ltr'><strong>οἱ</strong></span> <span class='ocrx_word' id='word_1_295' title='bbox 742 3973 795 4057; x_wconf 74' lang='grc' dir='ltr'><strong>μὲν</strong></span> <span class='ocrx_word' id='word_1_296' title='bbox 816 3972 873 4060; x_wconf 72' lang='grc' dir='ltr'><strong>γὰρ</strong></span> <span class='ocrx_word' id='word_1_297' title='bbox 895 3980 1009 4060; x_wconf 75' lang='grc' dir='ltr'><strong>κρεῶν,</strong></span> <span class='ocrx_word' id='word_1_298' title='bbox 1041 3969 1082 4051; x_wconf 68' lang='grc' dir='ltr'><strong>οἷς</strong></span> <span class='ocrx_word' id='word_1_299' title='bbox 1102 3971 1288 4062; x_wconf 79' lang='grc' dir='ltr'><strong><em>Ἀρίσιαργός</em></strong></span> 
     </span>
     <span class='ocr_line' id='line_1_37' title="bbox 106 4076 278 4158; baseline 0.006 -21"><span class='ocrx_word' id='word_1_300' title='bbox 106 4097 200 4158; x_wconf 84' lang='grc' dir='ltr'><strong><em>φησιν</em></strong></span> <span class='ocrx_word' id='word_1_301' title='bbox 221 4076 278 4139; x_wconf 83' lang='grc' dir='ltr'><strong>κτὲ.</strong></span> 
     </span>
    </p>

    <p class='ocr_par' dir='ltr' id='par_1_11' title="bbox 107 4183 1287 4366">
     <span class='ocr_line' id='line_1_38' title="bbox 194 4183 1287 4266; baseline 0.007 -25"><span class='ocrx_word' id='word_1_302' title='bbox 194 4184 225 4264; x_wconf 85' lang='grc'><strong>4)</strong></span> <span class='ocrx_word' id='word_1_303' title='bbox 250 4204 338 4264; x_wconf 88' lang='lat' dir='ltr'><strong>quam</strong></span> <span class='ocrx_word' id='word_1_304' title='bbox 367 4187 489 4245; x_wconf 84' lang='lat' dir='ltr'><strong>tenebat</strong></span> <span class='ocrx_word' id='word_1_305' title='bbox 515 4183 685 4243; x_wconf 88' lang='lat' dir='ltr'><strong>Demetrius</strong></span> <span class='ocrx_word' id='word_1_306' title='bbox 713 4184 818 4245; x_wconf 83' lang='lat' dir='ltr'><strong>Ixion:</strong></span> <span class='ocrx_word' id='word_1_307' title='bbox 849 4205 878 4246; x_wconf 87' lang='grc'><strong>0.</strong></span> <span class='ocrx_word' id='word_1_308' title='bbox 906 4187 993 4244; x_wconf 82' lang='lat' dir='ltr'><strong>Phot</strong></span> <span class='ocrx_word' id='word_1_309' title='bbox 1022 4207 1052 4266; x_wconf 91' lang='lat' dir='ltr'><strong>p.</strong></span> <span class='ocrx_word' id='word_1_310' title='bbox 1087 4186 1163 4261; x_wconf 85' lang='grc'><strong>177,</strong></span> <span class='ocrx_word' id='word_1_311' title='bbox 1192 4195 1220 4248; x_wconf 86' lang='grc'><strong>3.</strong></span> <span class='ocrx_word' id='word_1_312' title='bbox 1245 4224 1287 4235; x_wconf 88' lang='grc'><strong>-</strong></span> 
     </span>
     <span class='ocr_line' id='line_1_39' title="bbox 107 4287 1060 4366; baseline 0.003 -20"><span class='ocrx_word' id='word_1_313' title='bbox 107 4291 203 4346; x_wconf 87' lang='lat' dir='ltr'><strong>totum</strong></span> <span class='ocrx_word' id='word_1_314' title='bbox 225 4287 323 4347; x_wconf 91' lang='lat' dir='ltr'><strong>locum</strong></span> <span class='ocrx_word' id='word_1_315' title='bbox 346 4289 573 4363; x_wconf 81' lang='lat' dir='ltr'><strong>diligentissimo</strong></span> <span class='ocrx_word' id='word_1_316' title='bbox 595 4287 738 4349; x_wconf 78' lang='lat' dir='ltr'><strong>tractavit</strong></span> <span class='ocrx_word' id='word_1_317' title='bbox 758 4287 914 4349; x_wconf 78' lang='lat' dir='ltr'><strong>Fritzsohe</strong></span> <span class='ocrx_word' id='word_1_318' title='bbox 937 4309 965 4366; x_wconf 93' lang='lat' dir='ltr'><strong>p.</strong></span> <span class='ocrx_word' id='word_1_319' title='bbox 991 4293 1060 4350; x_wconf 83' lang='grc'><strong>123.</strong></span> 
     </span>
    </p>

    <p class='ocr_par' dir='ltr' id='par_1_12' title="bbox 194 4389 1172 4474">
     <span class='ocr_line' id='line_1_40' title="bbox 194 4389 1172 4474; baseline 0.007 -26"><span class='ocrx_word' id='word_1_320' title='bbox 194 4389 225 4468; x_wconf 82' lang='grc'><strong>1)</strong></span> <span class='ocrx_word' id='word_1_321' title='bbox 247 4391 305 4452; x_wconf 90' lang='lat' dir='ltr'><strong>hoc</strong></span> <span class='ocrx_word' id='word_1_322' title='bbox 327 4391 459 4452; x_wconf 82' lang='lat' dir='ltr'><strong>ostendit</strong></span> <span class='ocrx_word' id='word_1_323' title='bbox 480 4391 635 4452; x_wconf 80' lang='lat' dir='ltr'><strong>Fritnsehe</strong></span> <span class='ocrx_word' id='word_1_324' title='bbox 656 4411 685 4468; x_wconf 92' lang='lat' dir='ltr'><strong>p.</strong></span> <span class='ocrx_word' id='word_1_325' title='bbox 710 4391 779 4452; x_wconf 91' lang='grc'><strong>127.</strong></span> <span class='ocrx_word' id='word_1_326' title='bbox 804 4394 841 4453; x_wconf 86' lang='grc'><strong>01.</strong></span> <span class='ocrx_word' id='word_1_327' title='bbox 864 4391 1050 4454; x_wconf 83' lang='lat' dir='ltr'><strong>Gerhardnm</strong></span> <span class='ocrx_word' id='word_1_328' title='bbox 1071 4415 1099 4474; x_wconf 87' lang='lat' dir='ltr'><strong>p.</strong></span> <span class='ocrx_word' id='word_1_329' title='bbox 1124 4399 1172 4456; x_wconf 90' lang='grc'><strong>29.</strong></span> 
     </span>
    </p>
   </div>
   <div class='ocr_carea' id='block_1_8' title="bbox 0 0 1503 4812">
    <p class='ocr_par' dir='ltr' id='par_1_13' title="bbox 0 0 1503 4812">
     <span class='ocr_line' id='line_1_41' title="bbox 0 0 1503 4812; baseline 0 0"><span class='ocrx_word' id='word_1_330' title='bbox 0 0 1503 4812; x_wconf 95' lang='lat' dir='ltr'><strong> </strong></span> 
     </span>
    </p>
   </div>
  </div>
 </body>
</html>
