<?xml version="1.0" encoding="UTF-8"?>
<!DOCTYPE html PUBLIC "-//W3C//DTD XHTML 1.0 Transitional//EN"
    "http://www.w3.org/TR/xhtml1/DTD/xhtml1-transitional.dtd">
<html xmlns="http://www.w3.org/1999/xhtml" xml:lang="en" lang="en">
 <head>
  <title>
</title>
<meta http-equiv="Content-Type" content="text/html;charset=utf-8" />
  <meta name='ocr-system' content='tesseract 3.04.00' />
  <meta name='ocr-capabilities' content='ocr_page ocr_carea ocr_par ocr_line ocrx_word'/>
</head>
<body>
  <div class='ocr_page' id='page_1' title='image "./dearistarchidis01blaugoog_0058.png"; bbox 0 0 2962 4812; ppageno 0'>
   <div class='ocr_carea' id='block_1_1' title="bbox 2 217 1293 473">
    <p class='ocr_par' dir='ltr' id='par_1_1' title="bbox 2 217 1293 473">
     <span class='ocr_line' id='line_1_1' title="bbox 595 217 810 283; baseline 0.014 -18"><span class='ocrx_word' id='word_1_1' title='bbox 595 253 639 266; x_wconf 85' lang='grc'><strong>..</strong></span> <span class='ocrx_word' id='word_1_2' title='bbox 681 217 722 283; x_wconf 84' lang='lat'><strong>51</strong></span> <span class='ocrx_word' id='word_1_3' title='bbox 768 255 810 267; x_wconf 82' lang='grc'><strong>-</strong></span> 
     </span>
     <span class='ocr_line' id='line_1_2' title="bbox 2 357 1293 473; baseline 0.003 -23"><span class='ocrx_word' id='word_1_4' title='bbox 2 357 3 408; x_wconf 58' lang='lat'>³</span> <span class='ocrx_word' id='word_1_5' title='bbox 109 389 152 454; x_wconf 84' lang='grc' dir='ltr'><strong>τὸ</strong></span> <span class='ocrx_word' id='word_1_6' title='bbox 175 385 328 455; x_wconf 72' lang='grc' dir='ltr'><strong><em>ἔπαθλον</em></strong></span> <span class='ocrx_word' id='word_1_7' title='bbox 347 427 389 436; x_wconf 94' lang='grc'>-</span> <span class='ocrx_word' id='word_1_8' title='bbox 403 391 449 472; x_wconf 92' lang='lat'><strong>¹);</strong></span> <span class='ocrx_word' id='word_1_9' title='bbox 479 389 728 471; x_wconf 87' lang='lat' dir='ltr'><strong>comparandum</strong></span> <span class='ocrx_word' id='word_1_10' title='bbox 750 407 821 454; x_wconf 90' lang='lat' dir='ltr'><strong>cnm</strong></span> <span class='ocrx_word' id='word_1_11' title='bbox 844 389 946 456; x_wconf 86' lang='lat' dir='ltr'><strong>altero</strong></span> <span class='ocrx_word' id='word_1_12' title='bbox 968 389 1066 455; x_wconf 87' lang='lat' dir='ltr'><strong>schol.</strong></span> <span class='ocrx_word' id='word_1_13' title='bbox 1088 387 1189 473; x_wconf 86' lang='lat' dir='ltr'><strong>(qnod</strong></span> <span class='ocrx_word' id='word_1_14' title='bbox 1210 388 1242 454; x_wconf 96' lang='lat' dir='ltr'><strong>in</strong></span> <span class='ocrx_word' id='word_1_15' title='bbox 1264 389 1293 454; x_wconf 90' lang='lat' dir='ltr'>V</span> 
     </span>
    </p>
   </div>
   <div class='ocr_carea' id='block_1_2' title="bbox 2 493 1294 808">
    <p class='ocr_par' dir='ltr' id='par_1_2' title="bbox 2 493 1294 808">
     <span class='ocr_line' id='line_1_3' title="bbox 2 493 1294 587; baseline -0.002 -21"><span class='ocrx_word' id='word_1_16' title='bbox 2 527 3 544; x_wconf 50' lang='grc' dir='ltr'><strong><em>ι</em></strong></span> <span class='ocrx_word' id='word_1_17' title='bbox 110 502 185 566; x_wconf 83' lang='lat' dir='ltr'><strong>solo</strong></span> <span class='ocrx_word' id='word_1_18' title='bbox 207 502 337 583; x_wconf 82' lang='lat' dir='ltr'><strong>legitur)</strong></span> <span class='ocrx_word' id='word_1_19' title='bbox 366 521 392 567; x_wconf 90' lang='lat' dir='ltr'><strong>s.</strong></span> <span class='ocrx_word' id='word_1_20' title='bbox 413 501 452 566; x_wconf 77' lang='lat' dir='ltr'><strong>i:</strong></span> <span class='ocrx_word' id='word_1_21' title='bbox 480 493 710 576; x_wconf 74' lang='grc' dir='ltr'><strong><em>Ἀπολλώνιος</em></strong></span> <span class='ocrx_word' id='word_1_22' title='bbox 739 497 778 565; x_wconf 82' lang='grc' dir='ltr'><strong>δέ</strong></span> <span class='ocrx_word' id='word_1_23' title='bbox 799 521 879 586; x_wconf 75' lang='grc' dir='ltr'><strong><em>φησι</em></strong></span> <span class='ocrx_word' id='word_1_24' title='bbox 909 496 1115 587; x_wconf 64' lang='grc' dir='ltr'><strong><em>ταυροφάγου</em></strong></span> <span class='ocrx_word' id='word_1_25' title='bbox 1134 497 1192 564; x_wconf 77' lang='grc' dir='ltr'><strong>τὸν</strong></span> <span class='ocrx_word' id='word_1_26' title='bbox 1213 494 1294 565; x_wconf 86' lang='grc' dir='ltr'><strong><em>Διό-</em></strong></span> 
     </span>
     <span class='ocr_line' id='line_1_4' title="bbox 2 605 1294 700; baseline 0 -24"><span class='ocrx_word' id='word_1_27' title='bbox 2 633 3 652; x_wconf 62' lang='lat'>¹</span> <span class='ocrx_word' id='word_1_28' title='bbox 113 632 215 676; x_wconf 81' lang='grc' dir='ltr'><strong><em>νυσον</em></strong></span> <span class='ocrx_word' id='word_1_29' title='bbox 242 605 312 677; x_wconf 70' lang='grc' dir='ltr'><strong><em>διεδ</em></strong></span> <span class='ocrx_word' id='word_1_30' title='bbox 341 615 407 676; x_wconf 84' lang='grc' dir='ltr'><strong>τῶν</strong></span> <span class='ocrx_word' id='word_1_31' title='bbox 434 609 615 696; x_wconf 75' lang='grc' dir='ltr'><strong><em>διδομένων</em></strong></span> <span class='ocrx_word' id='word_1_32' title='bbox 642 614 714 688; x_wconf 82' lang='grc' dir='ltr'><strong><em>τοῖς</em></strong></span> <span class='ocrx_word' id='word_1_33' title='bbox 745 607 966 698; x_wconf 72' lang='grc' dir='ltr'><strong><em>διθυράμβοις</em></strong></span> <span class='ocrx_word' id='word_1_34' title='bbox 994 613 1067 695; x_wconf 82' lang='lat' dir='ltr'><strong>[leg.</strong></span> <span class='ocrx_word' id='word_1_35' title='bbox 1088 611 1294 700; x_wconf 71' lang='grc' dir='ltr'><strong><em>διθυραμβο-</em></strong></span> 
     </span>
     <span class='ocr_line' id='line_1_5' title="bbox 2 721 1294 808; baseline 0.002 -21"><span class='ocrx_word' id='word_1_36' title='bbox 2 721 3 742; x_wconf 69' lang='grc'>’</span> <span class='ocrx_word' id='word_1_37' title='bbox 112 726 263 804; x_wconf 64' lang='lat' dir='ltr'><strong>unozes]</strong></span> <span class='ocrx_word' id='word_1_38' title='bbox 294 728 390 808; x_wconf 79' lang='grc' dir='ltr'><strong><em>βοῶν.</em></strong></span> <span class='ocrx_word' id='word_1_39' title='bbox 433 725 466 790; x_wconf 92' lang='lat' dir='ltr'><strong>in</strong></span> <span class='ocrx_word' id='word_1_40' title='bbox 495 724 554 788; x_wconf 89' lang='lat' dir='ltr'><strong>illa</strong></span> <span class='ocrx_word' id='word_1_41' title='bbox 574 723 681 804; x_wconf 90' lang='lat' dir='ltr'><strong>priore</strong></span> <span class='ocrx_word' id='word_1_42' title='bbox 703 723 799 788; x_wconf 90' lang='lat' dir='ltr'><strong>huius</strong></span> <span class='ocrx_word' id='word_1_43' title='bbox 821 723 933 789; x_wconf 90' lang='lat' dir='ltr'><strong>scholii</strong></span> <span class='ocrx_word' id='word_1_44' title='bbox 960 731 1069 805; x_wconf 88' lang='lat' dir='ltr'><strong>parte,</strong></span> <span class='ocrx_word' id='word_1_45' title='bbox 1101 743 1294 808; x_wconf 84' lang='lat' dir='ltr'><strong>quamquam</strong></span> 
     </span>
    </p>
   </div>
   <div class='ocr_carea' id='block_1_3' title="bbox 0 1327 2 2449">
    <p class='ocr_par' dir='ltr' id='par_1_3' title="bbox 0 1327 2 2449">
     <span class='ocr_line' id='line_1_6' title="bbox 0 1327 2 2449; baseline 0 0"><span class='ocrx_word' id='word_1_46' title='bbox 0 1327 2 2449; x_wconf 95' lang='lat' dir='ltr'><strong> </strong></span> 
     </span>
    </p>
   </div>
   <div class='ocr_carea' id='block_1_4' title="bbox 112 835 1367 2574">
    <p class='ocr_par' dir='ltr' id='par_1_4' title="bbox 112 835 1367 2574">
     <span class='ocr_line' id='line_1_7' title="bbox 112 835 1295 919; baseline 0.001 -19"><span class='ocrx_word' id='word_1_47' title='bbox 112 854 155 900; x_wconf 91' lang='lat' dir='ltr'><strong>ne</strong></span> <span class='ocrx_word' id='word_1_48' title='bbox 187 855 267 903; x_wconf 89' lang='lat' dir='ltr'><strong>nnnc</strong></span> <span class='ocrx_word' id='word_1_49' title='bbox 297 837 424 918; x_wconf 89' lang='lat' dir='ltr'><strong>quidem</strong></span> <span class='ocrx_word' id='word_1_50' title='bbox 455 837 582 914; x_wconf 83' lang='lat' dir='ltr'><strong>integra</strong></span> <span class='ocrx_word' id='word_1_51' title='bbox 612 852 751 917; x_wconf 87' lang='lat' dir='ltr'><strong>sanaque</strong></span> <span class='ocrx_word' id='word_1_52' title='bbox 777 836 842 918; x_wconf 83' lang='lat' dir='ltr'><strong>legi</strong></span> <span class='ocrx_word' id='word_1_53' title='bbox 855 835 887 919; x_wconf 72' lang='lat'><strong>³)</strong></span> <span class='ocrx_word' id='word_1_54' title='bbox 909 836 1071 902; x_wconf 84' lang='lat' dir='ltr'><strong>existimo:</strong></span> <span class='ocrx_word' id='word_1_55' title='bbox 1101 835 1161 901; x_wconf 94' lang='lat' dir='ltr'><strong>hoc</strong></span> <span class='ocrx_word' id='word_1_56' title='bbox 1187 841 1295 901; x_wconf 80' lang='lat' dir='ltr'><strong>tamen</strong></span> 
     </span>
     <span class='ocr_line' id='line_1_8' title="bbox 114 940 1294 1032; baseline 0.002 -22"><span class='ocrx_word' id='word_1_57' title='bbox 114 947 198 1011; x_wconf 86' lang='lat' dir='ltr'><strong>satis</strong></span> <span class='ocrx_word' id='word_1_58' title='bbox 230 947 443 1029; x_wconf 84' lang='lat' dir='ltr'><strong>significatum</strong></span> <span class='ocrx_word' id='word_1_59' title='bbox 480 947 702 1012; x_wconf 80' lang='lat' dir='ltr'><strong>Aristarchum</strong></span> <span class='ocrx_word' id='word_1_60' title='bbox 739 940 945 1032; x_wconf 80' lang='grc' dir='ltr'><strong><em>ταοροφόγος</em></strong></span> <span class='ocrx_word' id='word_1_61' title='bbox 975 948 1140 1030; x_wconf 83' lang='lat' dir='ltr'>epitheton</span> <span class='ocrx_word' id='word_1_62' title='bbox 1170 947 1294 1014; x_wconf 78' lang='lat' dir='ltr'><strong>Cratini</strong></span> 
     </span>
     <span class='ocr_line' id='line_1_9' title="bbox 113 1057 1295 1142; baseline 0.003 -22"><span class='ocrx_word' id='word_1_63' title='bbox 113 1057 191 1122; x_wconf 85' lang='lat' dir='ltr'><strong>inde</strong></span> <span class='ocrx_word' id='word_1_64' title='bbox 222 1059 389 1138; x_wconf 79' lang='lat' dir='ltr'><strong>petivisse,</strong></span> <span class='ocrx_word' id='word_1_65' title='bbox 420 1060 505 1140; x_wconf 90' lang='lat' dir='ltr'><strong>qnod</strong></span> <span class='ocrx_word' id='word_1_66' title='bbox 533 1057 810 1142; x_wconf 85' lang='lat' dir='ltr'><strong>dithyramhorurn</strong></span> <span class='ocrx_word' id='word_1_67' title='bbox 839 1059 1020 1126; x_wconf 86' lang='lat' dir='ltr'><strong>conditores</strong></span> <span class='ocrx_word' id='word_1_68' title='bbox 1049 1059 1153 1126; x_wconf 85' lang='lat' dir='ltr'>bubus</span> <span class='ocrx_word' id='word_1_69' title='bbox 1183 1059 1295 1123; x_wconf 88' lang='lat' dir='ltr'><strong>donari</strong></span> 
     </span>
     <span class='ocr_line' id='line_1_10' title="bbox 114 1163 1294 1256; baseline 0.001 -23"><span class='ocrx_word' id='word_1_70' title='bbox 114 1169 268 1235; x_wconf 86' lang='lat' dir='ltr'><strong>solebant.</strong></span> <span class='ocrx_word' id='word_1_71' title='bbox 322 1170 373 1234; x_wconf 92' lang='lat' dir='ltr'><strong>cui</strong></span> <span class='ocrx_word' id='word_1_72' title='bbox 406 1169 545 1251; x_wconf 92' lang='lat' dir='ltr'><strong>opinioni</strong></span> <span class='ocrx_word' id='word_1_73' title='bbox 583 1169 638 1234; x_wconf 88' lang='lat' dir='ltr'><strong>alii</strong></span> <span class='ocrx_word' id='word_1_74' title='bbox 679 1169 817 1235; x_wconf 80' lang='lat' dir='ltr'><strong>oblocuti</strong></span> <span class='ocrx_word' id='word_1_75' title='bbox 851 1177 945 1236; x_wconf 89' lang='lat' dir='ltr'><strong>sunt:</strong></span> <span class='ocrx_word' id='word_1_76' title='bbox 977 1163 1105 1256; x_wconf 78' lang='grc' dir='ltr'><strong><em>εἴρηται</em></strong></span> <span class='ocrx_word' id='word_1_77' title='bbox 1134 1167 1171 1234; x_wconf 77' lang='grc' dir='ltr'><strong>δὲ</strong></span> <span class='ocrx_word' id='word_1_78' title='bbox 1201 1167 1294 1255; x_wconf 74' lang='grc' dir='ltr'><strong>παρὰ</strong></span> 
     </span>
     <span class='ocr_line' id='line_1_11' title="bbox 116 1276 1295 1367; baseline 0.001 -24"><span class='ocrx_word' id='word_1_79' title='bbox 116 1277 153 1343; x_wconf 81' lang='grc' dir='ltr'><strong>ιδ</strong></span> <span class='ocrx_word' id='word_1_80' title='bbox 179 1277 383 1367; x_wconf 63' lang='grc' dir='ltr'><strong><em>Σοφονδέυυς</em></strong></span> <span class='ocrx_word' id='word_1_81' title='bbox 405 1277 442 1345; x_wconf 77' lang='grc' dir='ltr'><strong>ἐκ</strong></span> <span class='ocrx_word' id='word_1_82' title='bbox 467 1279 590 1364; x_wconf 68' lang='grc' dir='ltr'><strong><em>Τιοοῐις</em></strong></span> <span class='ocrx_word' id='word_1_83' title='bbox 620 1276 799 1345; x_wconf 73' lang='grc' dir='ltr'><strong>ιΔιονύσου</strong></span> <span class='ocrx_word' id='word_1_84' title='bbox 820 1280 878 1344; x_wconf 75' lang='grc' dir='ltr'><strong>τοῦ</strong></span> <span class='ocrx_word' id='word_1_85' title='bbox 900 1276 1138 1367; x_wconf 82' lang='grc' dir='ltr'><strong><em>τουροφόγου’,</em></strong></span> <span class='ocrx_word' id='word_1_86' title='bbox 1172 1281 1295 1348; x_wconf 89' lang='lat' dir='ltr'><strong>scilicet</strong></span> 
     </span>
     <span class='ocr_line' id='line_1_12' title="bbox 114 1386 1367 1478; baseline 0 -22"><span class='ocrx_word' id='word_1_87' title='bbox 114 1393 296 1474; x_wconf 86' lang='lat' dir='ltr'><strong>urguebant</strong></span> <span class='ocrx_word' id='word_1_88' title='bbox 316 1386 521 1478; x_wconf 73' lang='grc' dir='ltr'><strong><em>τουροφάγος</em></strong></span> <span class='ocrx_word' id='word_1_89' title='bbox 542 1390 683 1473; x_wconf 90' lang='lat' dir='ltr'><strong>alioquin</strong></span> <span class='ocrx_word' id='word_1_90' title='bbox 705 1391 825 1458; x_wconf 87' lang='lat' dir='ltr'><strong>Bacchi</strong></span> <span class='ocrx_word' id='word_1_91' title='bbox 849 1411 920 1460; x_wconf 85' lang='lat' dir='ltr'><strong>esse</strong></span> <span class='ocrx_word' id='word_1_92' title='bbox 941 1394 1125 1475; x_wconf 80' lang='lat' dir='ltr'><strong>epitheton,</strong></span> <span class='ocrx_word' id='word_1_93' title='bbox 1146 1394 1237 1458; x_wconf 88' lang='lat' dir='ltr'><strong>utin</strong></span> <span class='ocrx_word' id='word_1_94' title='bbox 1258 1411 1297 1456; x_wconf 92' lang='lat' dir='ltr'><strong>eo</strong></span> <span class='ocrx_word' id='word_1_95' title='bbox 1359 1415 1367 1432; x_wconf 77' lang='lat'><strong><em>¹</em></strong></span> 
     </span>
     <span class='ocr_line' id='line_1_13' title="bbox 115 1501 1296 1586; baseline 0.001 -19"><span class='ocrx_word' id='word_1_96' title='bbox 115 1501 280 1584; x_wconf 86' lang='lat' dir='ltr'><strong>Sophoclis</strong></span> <span class='ocrx_word' id='word_1_97' title='bbox 300 1503 384 1583; x_wconf 93' lang='lat' dir='ltr'><strong>loco,</strong></span> <span class='ocrx_word' id='word_1_98' title='bbox 415 1511 513 1586; x_wconf 84' lang='lat' dir='ltr'><strong>atque</strong></span> <span class='ocrx_word' id='word_1_99' title='bbox 534 1503 609 1568; x_wconf 91' lang='lat' dir='ltr'><strong>hinc</strong></span> <span class='ocrx_word' id='word_1_100' title='bbox 630 1503 879 1586; x_wconf 83' lang='lat' dir='ltr'><strong>Aristophanem</strong></span> <span class='ocrx_word' id='word_1_101' title='bbox 901 1505 945 1570; x_wconf 90' lang='lat' dir='ltr'><strong>ad</strong></span> <span class='ocrx_word' id='word_1_102' title='bbox 966 1504 1132 1570; x_wconf 79' lang='lat' dir='ltr'><strong>Cratinum</strong></span> <span class='ocrx_word' id='word_1_103' title='bbox 1153 1508 1296 1569; x_wconf 87' lang='lat' dir='ltr'><strong>transtu-</strong></span> 
     </span>
     <span class='ocr_line' id='line_1_14' title="bbox 114 1612 1295 1696; baseline 0.003 -20"><span class='ocrx_word' id='word_1_104' title='bbox 114 1612 240 1691; x_wconf 58' lang='lat' dir='ltr'><strong>lesco.</strong></span> <span class='ocrx_word' id='word_1_105' title='bbox 284 1615 365 1680; x_wconf 84' lang='lat' dir='ltr'><strong>dnus</strong></span> <span class='ocrx_word' id='word_1_106' title='bbox 395 1615 476 1682; x_wconf 80' lang='lat' dir='ltr'><strong>istas</strong></span> <span class='ocrx_word' id='word_1_107' title='bbox 504 1617 681 1680; x_wconf 84' lang='lat' dir='ltr'><strong>sententias</strong></span> <span class='ocrx_word' id='word_1_108' title='bbox 702 1615 909 1696; x_wconf 85' lang='lat' dir='ltr'><strong>Apollonius,</strong></span> <span class='ocrx_word' id='word_1_109' title='bbox 939 1616 967 1680; x_wconf 89' lang='lat' dir='ltr'><strong>si</strong></span> <span class='ocrx_word' id='word_1_110' title='bbox 997 1616 1076 1696; x_wconf 85' lang='lat' dir='ltr'><strong>qnid</strong></span> <span class='ocrx_word' id='word_1_111' title='bbox 1098 1616 1201 1696; x_wconf 86' lang='lat' dir='ltr'><strong>rideo,</strong></span> <span class='ocrx_word' id='word_1_112' title='bbox 1222 1633 1295 1693; x_wconf 88' lang='lat' dir='ltr'><strong>cum</strong></span> 
     </span>
     <span class='ocr_line' id='line_1_15' title="bbox 114 1725 1297 1809; baseline 0.002 -21"><span class='ocrx_word' id='word_1_113' title='bbox 114 1743 231 1804; x_wconf 86' lang='lat' dir='ltr'><strong>pacare</strong></span> <span class='ocrx_word' id='word_1_114' title='bbox 263 1725 348 1791; x_wconf 92' lang='lat' dir='ltr'><strong>inter</strong></span> <span class='ocrx_word' id='word_1_115' title='bbox 368 1745 403 1792; x_wconf 91' lang='lat' dir='ltr'><strong>se</strong></span> <span class='ocrx_word' id='word_1_116' title='bbox 424 1728 590 1806; x_wconf 85' lang='lat' dir='ltr'><strong>studeret,</strong></span> <span class='ocrx_word' id='word_1_117' title='bbox 616 1727 855 1793; x_wconf 86' lang='lat' dir='ltr'><strong>Aristarcheam</strong></span> <span class='ocrx_word' id='word_1_118' title='bbox 877 1727 1192 1809; x_wconf 74' lang='lat' dir='ltr'><strong>interpretationem,</strong></span> <span class='ocrx_word' id='word_1_119' title='bbox 1215 1743 1297 1806; x_wconf 86' lang='lat' dir='ltr'><strong>qnae</strong></span> 
     </span>
     <span class='ocr_line' id='line_1_16' title="bbox 114 1833 1296 1921; baseline 0.003 -23"><span class='ocrx_word' id='word_1_120' title='bbox 114 1833 157 1898; x_wconf 90' lang='lat' dir='ltr'><strong>ad</strong></span> <span class='ocrx_word' id='word_1_121' title='bbox 182 1833 345 1901; x_wconf 80' lang='lat' dir='ltr'><strong>Cratinum</strong></span> <span class='ocrx_word' id='word_1_122' title='bbox 367 1837 568 1919; x_wconf 79' lang='lat' dir='ltr'><strong>pertinebat,</strong></span> <span class='ocrx_word' id='word_1_123' title='bbox 591 1840 634 1904; x_wconf 92' lang='lat' dir='ltr'><strong>ad</strong></span> <span class='ocrx_word' id='word_1_124' title='bbox 655 1838 760 1921; x_wconf 88' lang='lat' dir='ltr'><strong>ipsum</strong></span> <span class='ocrx_word' id='word_1_125' title='bbox 782 1839 943 1906; x_wconf 87' lang='lat' dir='ltr'><strong>Bacchum</strong></span> <span class='ocrx_word' id='word_1_126' title='bbox 966 1839 1073 1904; x_wconf 83' lang='lat' dir='ltr'><strong>valere</strong></span> <span class='ocrx_word' id='word_1_127' title='bbox 1094 1837 1205 1903; x_wconf 80' lang='lat' dir='ltr'><strong>voluit</strong></span> <span class='ocrx_word' id='word_1_128' title='bbox 1248 1842 1296 1902; x_wconf 88' lang='lat' dir='ltr'><strong>te-</strong></span> 
     </span>
     <span class='ocr_line' id='line_1_17' title="bbox 113 1947 1297 2032; baseline 0.002 -22"><span class='ocrx_word' id='word_1_129' title='bbox 113 1965 201 2010; x_wconf 87' lang='lat' dir='ltr'><strong>mere</strong></span> <span class='ocrx_word' id='word_1_130' title='bbox 222 1947 277 2012; x_wconf 91' lang='lat' dir='ltr'><strong>ille</strong></span> <span class='ocrx_word' id='word_1_131' title='bbox 299 1949 426 2029; x_wconf 88' lang='lat' dir='ltr'><strong>quidem</strong></span> <span class='ocrx_word' id='word_1_132' title='bbox 436 1954 485 2030; x_wconf 83' lang='lat'><strong>⁴);</strong></span> <span class='ocrx_word' id='word_1_133' title='bbox 518 1968 576 2017; x_wconf 90' lang='lat' dir='ltr'><strong>nec</strong></span> <span class='ocrx_word' id='word_1_134' title='bbox 598 1955 706 2016; x_wconf 87' lang='lat' dir='ltr'><strong>tamen</strong></span> <span class='ocrx_word' id='word_1_135' title='bbox 728 1968 790 2016; x_wconf 95' lang='lat' dir='ltr'><strong>non</strong></span> <span class='ocrx_word' id='word_1_136' title='bbox 812 1955 1024 2032; x_wconf 84' lang='lat' dir='ltr'><strong>propagatam</strong></span> <span class='ocrx_word' id='word_1_137' title='bbox 1046 1967 1116 2015; x_wconf 89' lang='lat' dir='ltr'><strong>esse</strong></span> <span class='ocrx_word' id='word_1_138' title='bbox 1137 1949 1207 2013; x_wconf 89' lang='lat' dir='ltr'><strong>eins</strong></span> <span class='ocrx_word' id='word_1_139' title='bbox 1227 1947 1297 2030; x_wconf 93' lang='lat' dir='ltr'><strong>opi-</strong></span> 
     </span>
     <span class='ocr_line' id='line_1_18' title="bbox 113 2055 1297 2147; baseline 0.004 -26"><span class='ocrx_word' id='word_1_140' title='bbox 113 2058 237 2122; x_wconf 92' lang='lat' dir='ltr'><strong>nionem</strong></span> <span class='ocrx_word' id='word_1_141' title='bbox 265 2061 439 2126; x_wconf 86' lang='lat' dir='ltr'><strong>ostendunt</strong></span> <span class='ocrx_word' id='word_1_142' title='bbox 470 2061 559 2128; x_wconf 89' lang='lat' dir='ltr'><strong>Snid.</strong></span> <span class='ocrx_word' id='word_1_143' title='bbox 588 2081 613 2128; x_wconf 92' lang='lat' dir='ltr'><strong>s.</strong></span> <span class='ocrx_word' id='word_1_144' title='bbox 636 2083 667 2128; x_wconf 85' lang='lat' dir='ltr'><strong>r.</strong></span> <span class='ocrx_word' id='word_1_145' title='bbox 688 2055 902 2147; x_wconf 80' lang='grc' dir='ltr'><strong><em>τουρυφᾰφον</em></strong></span> <span class='ocrx_word' id='word_1_146' title='bbox 913 2062 943 2141; x_wconf 85' lang='lat'><strong>⁵)</strong></span> <span class='ocrx_word' id='word_1_147' title='bbox 965 2063 1024 2142; x_wconf 91' lang='lat'><strong>(=</strong></span> <span class='ocrx_word' id='word_1_148' title='bbox 1043 2061 1136 2127; x_wconf 88' lang='lat' dir='ltr'><strong>Phot</strong></span> <span class='ocrx_word' id='word_1_149' title='bbox 1164 2079 1189 2125; x_wconf 81' lang='lat' dir='ltr'><strong>s</strong></span> <span class='ocrx_word' id='word_1_150' title='bbox 1211 2061 1245 2126; x_wconf 93' lang='lat' dir='ltr'><strong>h.</strong></span> <span class='ocrx_word' id='word_1_151' title='bbox 1265 2079 1297 2126; x_wconf 85' lang='lat' dir='ltr'><strong>r.</strong></span> 
     </span>
     <span class='ocr_line' id='line_1_19' title="bbox 113 2168 1298 2257; baseline 0.003 -25"><span class='ocrx_word' id='word_1_152' title='bbox 113 2168 168 2233; x_wconf 78' lang='lat' dir='ltr'><strong>Et.</strong></span> <span class='ocrx_word' id='word_1_153' title='bbox 189 2169 232 2233; x_wconf 90' lang='lat' dir='ltr'><strong>hl.</strong></span> <span class='ocrx_word' id='word_1_154' title='bbox 256 2189 280 2236; x_wconf 87' lang='lat' dir='ltr'><strong>s.</strong></span> <span class='ocrx_word' id='word_1_155' title='bbox 303 2171 334 2236; x_wconf 94' lang='lat' dir='ltr'><strong>h.</strong></span> <span class='ocrx_word' id='word_1_156' title='bbox 357 2173 401 2257; x_wconf 87' lang='lat' dir='ltr'><strong>r.)</strong></span> <span class='ocrx_word' id='word_1_157' title='bbox 424 2178 458 2238; x_wconf 90' lang='lat' dir='ltr'><strong>et</strong></span> <span class='ocrx_word' id='word_1_158' title='bbox 471 2174 618 2256; x_wconf 92' lang='lat' dir='ltr'><strong>Apollon.</strong></span> <span class='ocrx_word' id='word_1_159' title='bbox 640 2173 837 2256; x_wconf 83' lang='lat' dir='ltr'><strong>lex.p.156,</strong></span> <span class='ocrx_word' id='word_1_160' title='bbox 858 2173 910 2238; x_wconf 76' lang='lat'><strong>20.</strong></span> <span class='ocrx_word' id='word_1_161' title='bbox 954 2177 1095 2238; x_wconf 90' lang='lat' dir='ltr'><strong>ceterum</strong></span> <span class='ocrx_word' id='word_1_162' title='bbox 1117 2171 1298 2236; x_wconf 76' lang='lat' dir='ltr'><strong>Aristarchi</strong></span> 
     </span>
     <span class='ocr_line' id='line_1_20' title="bbox 112 2281 1296 2365; baseline 0.001 -21"><span class='ocrx_word' id='word_1_163' title='bbox 112 2281 254 2362; x_wconf 91' lang='lat' dir='ltr'><strong>opinioni</strong></span> <span class='ocrx_word' id='word_1_164' title='bbox 275 2281 364 2348; x_wconf 84' lang='lat' dir='ltr'><strong>lavet</strong></span> <span class='ocrx_word' id='word_1_165' title='bbox 385 2283 592 2364; x_wconf 87' lang='lat' dir='ltr'><strong>Fritzschins,</strong></span> <span class='ocrx_word' id='word_1_166' title='bbox 614 2283 734 2351; x_wconf 83' lang='lat' dir='ltr'><strong>Comm.</strong></span> <span class='ocrx_word' id='word_1_167' title='bbox 757 2285 788 2348; x_wconf 91' lang='lat' dir='ltr'><strong>in</strong></span> <span class='ocrx_word' id='word_1_168' title='bbox 810 2284 889 2349; x_wconf 89' lang='lat' dir='ltr'><strong>Ran.</strong></span> <span class='ocrx_word' id='word_1_169' title='bbox 911 2303 943 2365; x_wconf 93' lang='lat' dir='ltr'><strong>p.</strong></span> <span class='ocrx_word' id='word_1_170' title='bbox 968 2284 1039 2349; x_wconf 90' lang='grc'><strong>191.</strong></span> <span class='ocrx_word' id='word_1_171' title='bbox 1064 2282 1145 2362; x_wconf 80' lang='lat'><strong>192,</strong></span> <span class='ocrx_word' id='word_1_172' title='bbox 1166 2289 1200 2348; x_wconf 90' lang='lat' dir='ltr'><strong>et</strong></span> <span class='ocrx_word' id='word_1_173' title='bbox 1221 2287 1296 2364; x_wconf 89' lang='lat' dir='ltr'><strong>post</strong></span> 
     </span>
     <span class='ocr_line' id='line_1_21' title="bbox 113 2393 1291 2476; baseline 0.002 -20"><span class='ocrx_word' id='word_1_174' title='bbox 113 2411 186 2457; x_wconf 91' lang='lat' dir='ltr'><strong>eum</strong></span> <span class='ocrx_word' id='word_1_175' title='bbox 209 2393 413 2476; x_wconf 86' lang='lat' dir='ltr'><strong>Gerhardus,</strong></span> <span class='ocrx_word' id='word_1_176' title='bbox 446 2396 495 2462; x_wconf 90' lang='lat' dir='ltr'><strong>De</strong></span> <span class='ocrx_word' id='word_1_177' title='bbox 517 2397 704 2462; x_wconf 78' lang='lat' dir='ltr'><strong>Aristarcho</strong></span> <span class='ocrx_word' id='word_1_178' title='bbox 726 2394 953 2476; x_wconf 82' lang='lat' dir='ltr'><strong>Aristophanis</strong></span> <span class='ocrx_word' id='word_1_179' title='bbox 982 2395 1158 2474; x_wconf 88' lang='lat' dir='ltr'><strong>interprete</strong></span> <span class='ocrx_word' id='word_1_180' title='bbox 1179 2413 1211 2475; x_wconf 94' lang='lat' dir='ltr'><strong>p.</strong></span> <span class='ocrx_word' id='word_1_181' title='bbox 1232 2394 1291 2474; x_wconf 79' lang='lat'><strong>223</strong></span> 
     </span>
     <span class='ocr_line' id='line_1_22' title="bbox 112 2504 724 2574; baseline 0.008 -6"><span class='ocrx_word' id='word_1_182' title='bbox 112 2504 208 2568; x_wconf 83' lang='lat' dir='ltr'><strong>alteri</strong></span> <span class='ocrx_word' id='word_1_183' title='bbox 230 2524 305 2571; x_wconf 81' lang='lat' dir='ltr'><strong>vero</strong></span> <span class='ocrx_word' id='word_1_184' title='bbox 326 2507 467 2574; x_wconf 86' lang='lat' dir='ltr'><strong>Kockins</strong></span> <span class='ocrx_word' id='word_1_185' title='bbox 488 2509 562 2574; x_wconf 87' lang='lat' dir='ltr'><strong>adn.</strong></span> <span class='ocrx_word' id='word_1_186' title='bbox 584 2509 627 2574; x_wconf 91' lang='lat' dir='ltr'><strong>ad</strong></span> <span class='ocrx_word' id='word_1_187' title='bbox 648 2508 680 2574; x_wconf 96' lang='lat' dir='ltr'><strong>h.</strong></span> <span class='ocrx_word' id='word_1_188' title='bbox 702 2509 724 2574; x_wconf 94' lang='lat' dir='ltr'><strong>l.</strong></span> 
     </span>
    </p>
   </div>
   <div class='ocr_carea' id='block_1_5' title="bbox 112 2737 1295 3011">
    <p class='ocr_par' dir='ltr' id='par_1_5' title="bbox 112 2737 1295 3011">
     <span class='ocr_line' id='line_1_23' title="bbox 201 2737 1294 2830; baseline -0.002 -24"><span class='ocrx_word' id='word_1_189' title='bbox 201 2746 232 2825; x_wconf 92' lang='lat'><strong>1)</strong></span> <span class='ocrx_word' id='word_1_190' title='bbox 254 2750 291 2808; x_wconf 80' lang='lat' dir='ltr'><strong>of.</strong></span> <span class='ocrx_word' id='word_1_191' title='bbox 313 2749 395 2809; x_wconf 84' lang='lat' dir='ltr'><strong>Suid.</strong></span> <span class='ocrx_word' id='word_1_192' title='bbox 418 2771 442 2811; x_wconf 88' lang='lat' dir='ltr'><strong>s.</strong></span> <span class='ocrx_word' id='word_1_193' title='bbox 463 2771 493 2812; x_wconf 77' lang='lat' dir='ltr'><strong>v.</strong></span> <span class='ocrx_word' id='word_1_194' title='bbox 515 2743 720 2830; x_wconf 75' lang='grc' dir='ltr'><strong><em>ταυροφάγου,</em></strong></span> <span class='ocrx_word' id='word_1_195' title='bbox 742 2751 786 2822; x_wconf 85' lang='lat'><strong>11,</strong></span> <span class='ocrx_word' id='word_1_196' title='bbox 812 2755 830 2806; x_wconf 81' lang='lat'><strong>2</strong></span> <span class='ocrx_word' id='word_1_197' title='bbox 851 2769 881 2826; x_wconf 91' lang='lat' dir='ltr'><strong>p.</strong></span> <span class='ocrx_word' id='word_1_198' title='bbox 909 2751 1005 2807; x_wconf 80' lang='lat'>1045:</span> <span class='ocrx_word' id='word_1_199' title='bbox 1035 2738 1108 2817; x_wconf 66' lang='lat' dir='ltr'><strong>rode</strong></span> <span class='ocrx_word' id='word_1_200' title='bbox 1128 2742 1196 2824; x_wconf 70' lang='grc' dir='ltr'><strong>περὶ</strong></span> <span class='ocrx_word' id='word_1_201' title='bbox 1216 2737 1294 2824; x_wconf 80' lang='lat' dir='ltr'><strong>’Aps&#39;-</strong></span> 
     </span>
     <span class='ocr_line' id='line_1_24' title="bbox 114 2840 1295 2932; baseline 0.001 -27"><span class='ocrx_word' id='word_1_202' title='bbox 114 2865 240 2927; x_wconf 76' lang='grc' dir='ltr'><strong><em>οτιιρχον</em></strong></span> <span class='ocrx_word' id='word_1_203' title='bbox 269 2849 425 2928; x_wconf 71' lang='grc' dir='ltr'><strong><em>οἰομένους</em></strong></span> <span class='ocrx_word' id='word_1_204' title='bbox 454 2847 501 2913; x_wconf 81' lang='grc' dir='ltr'><strong>δτι</strong></span> <span class='ocrx_word' id='word_1_205' title='bbox 530 2854 640 2932; x_wconf 75' lang='grc' dir='ltr'><strong><em>ταῦρος</em></strong></span> <span class='ocrx_word' id='word_1_206' title='bbox 669 2840 708 2930; x_wconf 81' lang='grc' dir='ltr'><strong>ἦν</strong></span> <span class='ocrx_word' id='word_1_207' title='bbox 739 2845 842 2921; x_wconf 72' lang='grc' dir='ltr'><strong><em>αὐτοῖς</em></strong></span> <span class='ocrx_word' id='word_1_208' title='bbox 869 2842 902 2908; x_wconf 65' lang='lat' dir='ltr'><strong>so*</strong></span> <span class='ocrx_word' id='word_1_209' title='bbox 934 2846 1083 2922; x_wconf 69' lang='grc' dir='ltr'><strong><em>ἔπαθλον,</em></strong></span> <span class='ocrx_word' id='word_1_210' title='bbox 1113 2845 1188 2923; x_wconf 77' lang='grc' dir='ltr'><strong><em>φοοὶ</em></strong></span> <span class='ocrx_word' id='word_1_211' title='bbox 1219 2841 1295 2923; x_wconf 74' lang='grc' dir='ltr'><strong>ψεύ-</strong></span> 
     </span>
     <span class='ocr_line' id='line_1_25' title="bbox 112 2949 291 3011; baseline 0 -1"><span class='ocrx_word' id='word_1_212' title='bbox 112 2949 220 3011; x_wconf 73' lang='lat' dir='ltr'><strong>decons</strong></span> <span class='ocrx_word' id='word_1_213' title='bbox 242 2987 291 3010; x_wconf 89' lang='lat'><strong>-.</strong></span> 
     </span>
    </p>
   </div>
   <div class='ocr_carea' id='block_1_6' title="bbox 110 3053 1296 3962">
    <p class='ocr_par' dir='ltr' id='par_1_6' title="bbox 110 3053 1296 3651">
     <span class='ocr_line' id='line_1_26' title="bbox 200 3053 1294 3139; baseline -0.003 -25"><span class='ocrx_word' id='word_1_214' title='bbox 200 3061 229 3130; x_wconf 78' lang='lat'><strong>2)</strong></span> <span class='ocrx_word' id='word_1_215' title='bbox 252 3076 318 3116; x_wconf 87' lang='lat' dir='ltr'><strong>cnm</strong></span> <span class='ocrx_word' id='word_1_216' title='bbox 345 3059 559 3138; x_wconf 78' lang='lat' dir='ltr'><strong>Bernhardyo,</strong></span> <span class='ocrx_word' id='word_1_217' title='bbox 589 3059 641 3139; x_wconf 93' lang='lat' dir='ltr'><strong>qni</strong></span> <span class='ocrx_word' id='word_1_218' title='bbox 669 3059 707 3118; x_wconf 84' lang='lat' dir='ltr'><strong>ed</strong></span> <span class='ocrx_word' id='word_1_219' title='bbox 728 3058 837 3117; x_wconf 75' lang='lat' dir='ltr'><strong>fluidae</strong></span> <span class='ocrx_word' id='word_1_220' title='bbox 865 3056 885 3114; x_wconf 94' lang='lat' dir='ltr'><strong>l.</strong></span> <span class='ocrx_word' id='word_1_221' title='bbox 907 3057 983 3115; x_wconf 84' lang='lat' dir='ltr'><strong>haee</strong></span> <span class='ocrx_word' id='word_1_222' title='bbox 1004 3055 1142 3115; x_wconf 78' lang='lat' dir='ltr'><strong>adnotat:</strong></span> <span class='ocrx_word' id='word_1_223' title='bbox 1171 3053 1223 3128; x_wconf 82' lang='lat' dir='ltr'><strong>„in</strong></span> <span class='ocrx_word' id='word_1_224' title='bbox 1245 3053 1294 3111; x_wconf 88' lang='lat' dir='ltr'><strong>his</strong></span> 
     </span>
     <span class='ocr_line' id='line_1_27' title="bbox 111 3152 1295 3236; baseline -0.003 -21"><span class='ocrx_word' id='word_1_225' title='bbox 111 3156 184 3216; x_wconf 91' lang='lat' dir='ltr'><strong>libri</strong></span> <span class='ocrx_word' id='word_1_226' title='bbox 215 3159 396 3220; x_wconf 80' lang='lat' dir='ltr'><strong>scholiorum</strong></span> <span class='ocrx_word' id='word_1_227' title='bbox 417 3161 531 3220; x_wconf 84' lang='lat' dir='ltr'><strong>nnllam</strong></span> <span class='ocrx_word' id='word_1_228' title='bbox 560 3162 724 3220; x_wconf 84' lang='lat' dir='ltr'><strong>ostendunt</strong></span> <span class='ocrx_word' id='word_1_229' title='bbox 743 3158 929 3236; x_wconf 85' lang='lat' dir='ltr'><strong>probabilem</strong></span> <span class='ocrx_word' id='word_1_230' title='bbox 951 3157 1129 3236; x_wconf 81' lang='lat' dir='ltr'><strong>scripturam</strong></span> <span class='ocrx_word' id='word_1_231' title='bbox 1151 3156 1211 3214; x_wconf 88' lang='lat' dir='ltr'><strong>nisi</strong></span> <span class='ocrx_word' id='word_1_232' title='bbox 1234 3152 1295 3214; x_wconf 77' lang='grc' dir='ltr'><strong><em>οἰο-</em></strong></span> 
     </span>
     <span class='ocr_line' id='line_1_28' title="bbox 112 3252 1295 3344; baseline -0.006 -21"><span class='ocrx_word' id='word_1_233' title='bbox 112 3254 229 3334; x_wconf 65' lang='grc' dir='ltr'><strong><em>μένους.</em></strong></span> <span class='ocrx_word' id='word_1_234' title='bbox 273 3263 378 3344; x_wconf 81' lang='lat' dir='ltr'><strong>Neque</strong></span> <span class='ocrx_word' id='word_1_235' title='bbox 399 3265 530 3324; x_wconf 89' lang='lat' dir='ltr'><strong>Dobraei</strong></span> <span class='ocrx_word' id='word_1_236' title='bbox 560 3264 761 3324; x_wconf 86' lang='lat' dir='ltr'><strong>coniecturam</strong></span> <span class='ocrx_word' id='word_1_237' title='bbox 789 3253 866 3338; x_wconf 79' lang='grc' dir='ltr'><strong><em>πρδς</em></strong></span> <span class='ocrx_word' id='word_1_238' title='bbox 894 3252 965 3329; x_wconf 71' lang='grc' dir='ltr'><strong>τούς</strong></span> <span class='ocrx_word' id='word_1_239' title='bbox 986 3279 1018 3318; x_wconf 79' lang='grc' dir='ltr'><strong>ιο.</strong></span> <span class='ocrx_word' id='word_1_240' title='bbox 1036 3252 1084 3318; x_wconf 87' lang='grc' dir='ltr'><strong>Ἀ.</strong></span> <span class='ocrx_word' id='word_1_241' title='bbox 1128 3258 1295 3336; x_wconf 76' lang='lat' dir='ltr'><strong>opinorsed</strong></span> 
     </span>
     <span class='ocr_line' id='line_1_29' title="bbox 110 3361 1296 3444; baseline 0 -24"><span class='ocrx_word' id='word_1_242' title='bbox 110 3363 314 3424; x_wconf 83' lang='lat' dir='ltr'><strong>resarciendas</strong></span> <span class='ocrx_word' id='word_1_243' title='bbox 336 3366 448 3426; x_wconf 84' lang='lat' dir='ltr'><strong>Scholii</strong></span> <span class='ocrx_word' id='word_1_244' title='bbox 478 3367 643 3444; x_wconf 83' lang='lat' dir='ltr'><strong>parietinas</strong></span> <span class='ocrx_word' id='word_1_245' title='bbox 672 3365 746 3424; x_wconf 87' lang='lat' dir='ltr'><strong>satis</strong></span> <span class='ocrx_word' id='word_1_246' title='bbox 775 3363 905 3436; x_wconf 85' lang='lat' dir='ltr'><strong>valere“,</strong></span> <span class='ocrx_word' id='word_1_247' title='bbox 934 3361 1040 3421; x_wconf 80' lang='lat' dir='ltr'><strong>mutila</strong></span> <span class='ocrx_word' id='word_1_248' title='bbox 1069 3362 1145 3420; x_wconf 80' lang='lat' dir='ltr'><strong>hese</strong></span> <span class='ocrx_word' id='word_1_249' title='bbox 1174 3381 1239 3420; x_wconf 88' lang='lat' dir='ltr'><strong>esse</strong></span> <span class='ocrx_word' id='word_1_250' title='bbox 1260 3366 1296 3420; x_wconf 92' lang='lat' dir='ltr'><strong>ut</strong></span> 
     </span>
     <span class='ocr_line' id='line_1_30' title="bbox 111 3461 1294 3548; baseline 0.001 -27"><span class='ocrx_word' id='word_1_251' title='bbox 111 3469 228 3540; x_wconf 82' lang='lat' dir='ltr'><strong>putem,</strong></span> <span class='ocrx_word' id='word_1_252' title='bbox 256 3466 310 3526; x_wconf 90' lang='lat' dir='ltr'><strong>illo</strong></span> <span class='ocrx_word' id='word_1_253' title='bbox 339 3461 443 3539; x_wconf 75' lang='grc' dir='ltr'><strong><em>αὐτοῖς</em></strong></span> <span class='ocrx_word' id='word_1_254' title='bbox 472 3469 649 3548; x_wconf 81' lang='lat' dir='ltr'><strong>praesertim</strong></span> <span class='ocrx_word' id='word_1_255' title='bbox 675 3487 814 3539; x_wconf 64' lang='lat' dir='ltr'><strong>morcon</strong></span> <span class='ocrx_word' id='word_1_256' title='bbox 844 3483 973 3545; x_wconf 88' lang='lat' dir='ltr'><strong>quonam</strong></span> <span class='ocrx_word' id='word_1_257' title='bbox 1001 3463 1082 3524; x_wconf 90' lang='lat' dir='ltr'><strong>enim</strong></span> <span class='ocrx_word' id='word_1_258' title='bbox 1109 3463 1140 3521; x_wconf 93' lang='lat' dir='ltr'><strong>id</strong></span> <span class='ocrx_word' id='word_1_259' title='bbox 1162 3463 1294 3522; x_wconf 64' lang='lat' dir='ltr'><strong>rmutan-</strong></span> 
     </span>
     <span class='ocr_line' id='line_1_31' title="bbox 112 3565 1027 3651; baseline 0.001 -27"><span class='ocrx_word' id='word_1_260' title='bbox 112 3566 202 3626; x_wconf 88' lang='lat' dir='ltr'><strong>dum?</strong></span> <span class='ocrx_word' id='word_1_261' title='bbox 224 3588 263 3628; x_wconf 80' lang='lat' dir='ltr'><strong>an</strong></span> <span class='ocrx_word' id='word_1_262' title='bbox 284 3571 323 3630; x_wconf 82' lang='lat' dir='ltr'><strong>ad</strong></span> <span class='ocrx_word' id='word_1_263' title='bbox 343 3569 476 3648; x_wconf 74' lang='grc' dir='ltr'><strong>βακχεῖα,</strong></span> <span class='ocrx_word' id='word_1_264' title='bbox 500 3573 580 3651; x_wconf 91' lang='lat' dir='ltr'><strong>qnod</strong></span> <span class='ocrx_word' id='word_1_265' title='bbox 600 3571 712 3646; x_wconf 73' lang='lat' dir='ltr'><strong>legitur</strong></span> <span class='ocrx_word' id='word_1_266' title='bbox 733 3569 767 3628; x_wconf 90' lang='lat' dir='ltr'><strong>in</strong></span> <span class='ocrx_word' id='word_1_267' title='bbox 788 3575 896 3647; x_wconf 81' lang='lat' dir='ltr'><strong>poetae</strong></span> <span class='ocrx_word' id='word_1_268' title='bbox 918 3565 1027 3628; x_wconf 83' lang='lat' dir='ltr'><strong>versu?</strong></span> 
     </span>
    </p>

    <p class='ocr_par' dir='ltr' id='par_1_7' title="bbox 112 3667 1295 3962">
     <span class='ocr_line' id='line_1_32' title="bbox 200 3667 1294 3752; baseline -0.005 -19"><span class='ocrx_word' id='word_1_269' title='bbox 200 3671 231 3747; x_wconf 86' lang='grc'><strong>3)</strong></span> <span class='ocrx_word' id='word_1_270' title='bbox 254 3676 364 3752; x_wconf 80' lang='lat' dir='ltr'><strong>quaid</strong></span> <span class='ocrx_word' id='word_1_271' title='bbox 386 3676 503 3734; x_wconf 88' lang='lat' dir='ltr'><strong>rationo</strong></span> <span class='ocrx_word' id='word_1_272' title='bbox 525 3677 637 3734; x_wconf 66' lang='lat' dir='ltr'><strong>motum</strong></span> <span class='ocrx_word' id='word_1_273' title='bbox 660 3675 822 3752; x_wconf 85' lang='lat' dir='ltr'><strong>putabant,</strong></span> <span class='ocrx_word' id='word_1_274' title='bbox 850 3673 909 3730; x_wconf 87' lang='lat' dir='ltr'><strong>hoo</strong></span> <span class='ocrx_word' id='word_1_275' title='bbox 930 3669 1031 3747; x_wconf 88' lang='lat' dir='ltr'><strong>potius</strong></span> <span class='ocrx_word' id='word_1_276' title='bbox 1052 3667 1240 3726; x_wconf 82' lang='lat' dir='ltr'><strong>intercidisse</strong></span> <span class='ocrx_word' id='word_1_277' title='bbox 1260 3668 1294 3727; x_wconf 91' lang='lat' dir='ltr'><strong>in</strong></span> 
     </span>
     <span class='ocr_line' id='line_1_33' title="bbox 112 3773 1295 3856; baseline -0.002 -26"><span class='ocrx_word' id='word_1_278' title='bbox 112 3791 151 3830; x_wconf 93' lang='lat' dir='ltr'><strong>eo</strong></span> <span class='ocrx_word' id='word_1_279' title='bbox 179 3777 334 3837; x_wconf 88' lang='lat' dir='ltr'><strong>enuntiato</strong></span> <span class='ocrx_word' id='word_1_280' title='bbox 357 3780 534 3839; x_wconf 84' lang='lat' dir='ltr'><strong>crediderim</strong></span> <span class='ocrx_word' id='word_1_281' title='bbox 562 3783 594 3838; x_wconf 90' lang='lat' dir='ltr'><strong>et</strong></span> <span class='ocrx_word' id='word_1_282' title='bbox 615 3775 772 3856; x_wconf 84' lang='lat' dir='ltr'><strong>sequentia</strong></span> <span class='ocrx_word' id='word_1_283' title='bbox 793 3779 875 3834; x_wconf 88' lang='lat' dir='ltr'><strong>recte</strong></span> <span class='ocrx_word' id='word_1_284' title='bbox 897 3793 930 3832; x_wconf 84' lang='lat' dir='ltr'><strong>se</strong></span> <span class='ocrx_word' id='word_1_285' title='bbox 950 3773 1062 3832; x_wconf 80' lang='lat' dir='ltr'><strong>habere</strong></span> <span class='ocrx_word' id='word_1_286' title='bbox 1085 3789 1173 3849; x_wconf 81' lang='lat' dir='ltr'><strong>quam</strong></span> <span class='ocrx_word' id='word_1_287' title='bbox 1195 3789 1295 3830; x_wconf 88' lang='lat' dir='ltr'><strong>emen·</strong></span> 
     </span>
     <span class='ocr_line' id='line_1_34' title="bbox 112 3871 1295 3962; baseline 0.001 -32"><span class='ocrx_word' id='word_1_288' title='bbox 112 3875 210 3934; x_wconf 85' lang='lat' dir='ltr'><strong>danda</strong></span> <span class='ocrx_word' id='word_1_289' title='bbox 238 3897 304 3938; x_wconf 86' lang='lat' dir='ltr'><strong>oum</strong></span> <span class='ocrx_word' id='word_1_290' title='bbox 333 3881 503 3942; x_wconf 81' lang='lat' dir='ltr'><strong>Fritzschio</strong></span> <span class='ocrx_word' id='word_1_291' title='bbox 533 3880 597 3962; x_wconf 90' lang='lat' dir='ltr'><strong>(qni</strong></span> <span class='ocrx_word' id='word_1_292' title='bbox 627 3879 748 3939; x_wconf 89' lang='lat' dir='ltr'><strong>omnino</strong></span> <span class='ocrx_word' id='word_1_293' title='bbox 779 3876 928 3936; x_wconf 85' lang='lat' dir='ltr'><strong>uberrime</strong></span> <span class='ocrx_word' id='word_1_294' title='bbox 957 3875 994 3934; x_wconf 90' lang='lat' dir='ltr'><strong>de</strong></span> <span class='ocrx_word' id='word_1_295' title='bbox 1014 3875 1047 3934; x_wconf 85' lang='lat' dir='ltr'><strong>h.</strong></span> <span class='ocrx_word' id='word_1_296' title='bbox 1068 3873 1130 3932; x_wconf 84' lang='lat' dir='ltr'><strong>soh.</strong></span> <span class='ocrx_word' id='word_1_297' title='bbox 1152 3871 1295 3932; x_wconf 72' lang='lat' dir='ltr'><strong>dimersit</strong></span> 
     </span>
    </p>
   </div>
   <div class='ocr_carea' id='block_1_7' title="bbox 6 3965 1296 4058">
    <p class='ocr_par' dir='ltr' id='par_1_8' title="bbox 6 3965 1296 4058">
     <span class='ocr_line' id='line_1_35' title="bbox 6 3965 1296 4058; baseline -0.009 -14"><span class='ocrx_word' id='word_1_298' title='bbox 6 4029 7 4044; x_wconf 75' lang='grc'><strong>.</strong></span> <span class='ocrx_word' id='word_1_299' title='bbox 111 3979 223 4038; x_wconf 74' lang='lat' dir='ltr'><strong>domm.</strong></span> <span class='ocrx_word' id='word_1_300' title='bbox 253 3981 286 4041; x_wconf 91' lang='lat' dir='ltr'><strong>in</strong></span> <span class='ocrx_word' id='word_1_301' title='bbox 308 3987 384 4045; x_wconf 76' lang='lat' dir='ltr'><strong>Rau.</strong></span> <span class='ocrx_word' id='word_1_302' title='bbox 411 3987 479 4044; x_wconf 86' lang='grc'><strong>191.</strong></span> <span class='ocrx_word' id='word_1_303' title='bbox 505 3983 594 4058; x_wconf 83' lang='lat' dir='ltr'><strong>laa):</strong></span> <span class='ocrx_word' id='word_1_304' title='bbox 620 3974 679 4040; x_wconf 77' lang='lat' dir='ltr'><strong>‘sui</strong></span> <span class='ocrx_word' id='word_1_305' title='bbox 711 3973 758 4038; x_wconf 76' lang='grc' dir='ltr'><strong>ὅτι</strong></span> <span class='ocrx_word' id='word_1_306' title='bbox 787 3978 922 4052; x_wconf 71' lang='grc' dir='ltr'><strong><em>φίλοινος</em></strong></span> <span class='ocrx_word' id='word_1_307' title='bbox 949 3965 1004 4054; x_wconf 84' lang='grc' dir='ltr'><strong>ἦν,</strong></span> <span class='ocrx_word' id='word_1_308' title='bbox 1035 3966 1086 4034; x_wconf 77' lang='grc' dir='ltr'><strong><em>διοὶ</em></strong></span> <span class='ocrx_word' id='word_1_309' title='bbox 1113 3975 1202 4034; x_wconf 77' lang='grc' dir='ltr'><strong><em>τοῦτο</em></strong></span> <span class='ocrx_word' id='word_1_310' title='bbox 1231 3971 1296 4035; x_wconf 68' lang='grc' dir='ltr'><strong>ἐκί-</strong></span> 
     </span>
    </p>
   </div>
   <div class='ocr_carea' id='block_1_8' title="bbox 112 4066 1294 4169">
    <p class='ocr_par' dir='ltr' id='par_1_9' title="bbox 112 4066 1294 4169">
     <span class='ocr_line' id='line_1_36' title="bbox 112 4066 1294 4169; baseline -0.001 -33"><span class='ocrx_word' id='word_1_311' title='bbox 112 4083 203 4139; x_wconf 59' lang='lat' dir='ltr'><strong>&amp;stov</strong></span> <span class='ocrx_word' id='word_1_312' title='bbox 224 4086 278 4142; x_wconf 83' lang='grc' dir='ltr'><strong>τοῦ</strong></span> <span class='ocrx_word' id='word_1_313' title='bbox 300 4079 557 4169; x_wconf 60' lang='grc' dir='ltr'><strong><em>Διονύσουζαῦιῷ</em></strong></span> <span class='ocrx_word' id='word_1_314' title='bbox 580 4073 795 4164; x_wconf 76' lang='grc' dir='ltr'><strong><em>ποριοιδέοοιν’</em></strong></span> <span class='ocrx_word' id='word_1_315' title='bbox 818 4073 853 4156; x_wconf 75' lang='grc' dir='ltr'><strong>(ἢ</strong></span> <span class='ocrx_word' id='word_1_316' title='bbox 875 4074 922 4139; x_wconf 73' lang='grc' dir='ltr'><strong>ὅτι</strong></span> <span class='ocrx_word' id='word_1_317' title='bbox 943 4079 1078 4154; x_wconf 74' lang='grc' dir='ltr'><strong><em>φίλοινος</em></strong></span> <span class='ocrx_word' id='word_1_318' title='bbox 1098 4066 1146 4153; x_wconf 80' lang='grc' dir='ltr'><strong>ἦν,</strong></span> <span class='ocrx_word' id='word_1_319' title='bbox 1168 4072 1220 4135; x_wconf 76' lang='lat' dir='ltr'><strong>sai</strong></span> <span class='ocrx_word' id='word_1_320' title='bbox 1242 4069 1294 4136; x_wconf 78' lang='lat' dir='ltr'><strong>did</strong></span> 
     </span>
    </p>
   </div>
   <div class='ocr_carea' id='block_1_9' title="bbox 6 4181 394 4269">
    <p class='ocr_par' dir='ltr' id='par_1_10' title="bbox 6 4181 394 4269">
     <span class='ocr_line' id='line_1_37' title="bbox 6 4181 394 4269; baseline 0.028 -30"><span class='ocrx_word' id='word_1_321' title='bbox 6 4189 7 4204; x_wconf 66' lang='lat'>¹</span> <span class='ocrx_word' id='word_1_322' title='bbox 110 4181 200 4242; x_wconf 74' lang='grc' dir='ltr'><strong><em>τοῦτο</em></strong></span> <span class='ocrx_word' id='word_1_323' title='bbox 219 4181 278 4247; x_wconf 73' lang='lat' dir='ltr'><strong>nst.</strong></span> <span class='ocrx_word' id='word_1_324' title='bbox 299 4189 394 4269; x_wconf 87' lang='lat' dir='ltr'><strong>libri).</strong></span> 
     </span>
    </p>
   </div>
   <div class='ocr_carea' id='block_1_10' title="bbox 200 4281 1296 4370">
    <p class='ocr_par' dir='ltr' id='par_1_11' title="bbox 200 4281 1296 4370">
     <span class='ocr_line' id='line_1_38' title="bbox 200 4281 1296 4370; baseline -0.01 -17"><span class='ocrx_word' id='word_1_325' title='bbox 200 4289 232 4363; x_wconf 78' lang='lat' dir='ltr'><strong>l)</strong></span> <span class='ocrx_word' id='word_1_326' title='bbox 253 4311 282 4352; x_wconf 81' lang='lat' dir='ltr'><strong>v.</strong></span> <span class='ocrx_word' id='word_1_327' title='bbox 305 4293 452 4353; x_wconf 82' lang='lat' dir='ltr'><strong>Fritnsch</strong></span> <span class='ocrx_word' id='word_1_328' title='bbox 475 4313 504 4370; x_wconf 95' lang='lat' dir='ltr'><strong>p.</strong></span> <span class='ocrx_word' id='word_1_329' title='bbox 531 4297 600 4351; x_wconf 80' lang='lat'><strong>192.</strong></span> <span class='ocrx_word' id='word_1_330' title='bbox 645 4285 788 4350; x_wconf 85' lang='lat' dir='ltr'><strong>Gerhard</strong></span> <span class='ocrx_word' id='word_1_331' title='bbox 819 4284 889 4345; x_wconf 91' lang='lat' dir='ltr'><strong>diss.</strong></span> <span class='ocrx_word' id='word_1_332' title='bbox 911 4305 982 4344; x_wconf 84' lang='lat' dir='ltr'><strong>mox</strong></span> <span class='ocrx_word' id='word_1_333' title='bbox 1002 4281 1169 4342; x_wconf 84' lang='lat' dir='ltr'><strong>laudandae</strong></span> <span class='ocrx_word' id='word_1_334' title='bbox 1191 4301 1220 4358; x_wconf 94' lang='lat' dir='ltr'><strong>p.</strong></span> <span class='ocrx_word' id='word_1_335' title='bbox 1244 4287 1296 4342; x_wconf 80' lang='lat'><strong>22.</strong></span> 
     </span>
    </p>
   </div>
   <div class='ocr_carea' id='block_1_11' title="bbox 199 4387 1078 4546">
    <p class='ocr_par' dir='ltr' id='par_1_12' title="bbox 199 4387 1078 4546">
     <span class='ocr_line' id='line_1_39' title="bbox 199 4387 1078 4522; baseline -0.002 -74"><span class='ocrx_word' id='word_1_336' title='bbox 199 4393 230 4468; x_wconf 84' lang='lat'><strong>5)</strong></span> <span class='ocrx_word' id='word_1_337' title='bbox 252 4395 449 4470; x_wconf 85' lang='lat' dir='ltr'><strong>probabiliter</strong></span> <span class='ocrx_word' id='word_1_338' title='bbox 470 4395 645 4455; x_wconf 85' lang='lat' dir='ltr'><strong>emendatus</strong></span> <span class='ocrx_word' id='word_1_339' title='bbox 667 4411 685 4450; x_wconf 86' lang='lat' dir='ltr'><strong>a</strong></span> <span class='ocrx_word' id='word_1_340' title='bbox 706 4388 876 4449; x_wconf 81' lang='lat' dir='ltr'><strong>Fritaschio</strong></span> <span class='ocrx_word' id='word_1_341' title='bbox 897 4388 918 4448; x_wconf 93' lang='lat' dir='ltr'><strong>l.</strong></span> <span class='ocrx_word' id='word_1_342' title='bbox 940 4387 962 4448; x_wconf 94' lang='lat' dir='ltr'><strong>l.</strong></span> <span class='ocrx_word' id='word_1_343' title='bbox 1060 4483 1078 4522; x_wconf 66' lang='lat'><strong>*</strong></span> 
     </span>
     <span class='ocr_line' id='line_1_40' title="bbox 1029 4493 1048 4546; baseline 0 0"><span class='ocrx_word' id='word_1_344' title='bbox 1029 4493 1048 4546; x_wconf 83' lang='lat'>4</span> 
     </span>
    </p>
   </div>
   <div class='ocr_carea' id='block_1_12' title="bbox 0 0 1486 4812">
    <p class='ocr_par' dir='ltr' id='par_1_13' title="bbox 0 0 1486 4812">
     <span class='ocr_line' id='line_1_41' title="bbox 0 0 1486 4812; baseline 0 0"><span class='ocrx_word' id='word_1_345' title='bbox 0 0 1486 4812; x_wconf 95' lang='lat' dir='ltr'><strong> </strong></span> 
     </span>
    </p>
   </div>
  </div>
 </body>
</html>
