2962 4812
724 179 936 243 ...28-

241 343 339 411 refcrt
361 345 456 412 hacc:
486 341 654 432 προςῳὸιά
669 343 841 436 Ὁμηρική;
875 345 952 434 περὶ
974 343 1192 432 Ἑλληνισμοῦ,
1225 341 1296 435 iicet
1323 341 1441 434 ὀρθο-

240 451 337 533 επίας
358 453 472 539 βιβλία
495 451 558 539 ιε’;
589 455 666 545 περὶ
686 455 813 546 μέτρων
827 465 873 541 1);
895 456 972 544 περὶ
994 461 1050 547 τῆς
1072 455 1106 523 ἐν
1123 449 1299 548 Ὀδυσσείᾳ
1332 451 1441 544 Ἀρι-

242 561 380 651 στάρχοα
402 563 628 655 cooperturam
650 568 729 656 περὶ
750 569 913 658 διαφορᾶς
934 567 1062 651 λέξειεν.
1106 567 1177 655 (καὶ
1198 567 1292 658 ἕτερα
1315 593 1440 657 γραμ-

239 673 390 764 μαυικα).
434 681 549 763 quibus
580 701 597 746 e
619 681 748 748 scholiis
776 680 860 746 hom.
883 682 1039 748 accedunt
1067 682 1148 748 liber
1169 681 1225 749 illo
1247 684 1287 748 de
1309 681 1437 748 schola

242 789 382 856 Cratetis
412 797 446 856 et
474 789 552 878 περὶ
582 790 776 880 συναλοιφῆς
799 792 907 871 (schol.
931 797 961 856 B
981 793 1112 878 461²».
1157 801 1297 861 ceterum
1332 813 1439 877 quern

241 901 366 968 nomine
389 898 556 989 προςῳόία
573 897 730 990 Ὁμηρική
752 903 866 969 Suidas
889 903 1120 986 complectitur,
1142 906 1205 970 duo
1223 905 1335 987 potius
1355 904 1438 969 libri

242 1009 387 1092 fuerunt,
415 1005 534 1103 Ἰλιακι)
564 1020 597 1081 et
623 1007 835 1102 Ὀδυσσειακι)
872 1010 1042 1101 προςῳδία
1055 1013 1095 1101 ⁸).
1147 1013 1313 1100 (Valckeu.
1351 1017 1438 1080 Am·

241 1141 323 1189 mon.
346 1143 375 1206 p.
402 1125 472 1191 124.
495 1125 533 1192 ci,
557 1125 653 1192 schol.
681 1131 712 1190 d>
733 1125 841 1209 38⁴».
863 1163 905 1174 -
927 1125 978 1192 his
991 1125 1042 1193 vel
1060 1125 1155 1192 nudis
1176 1125 1288 1208 titulis,
1311 1127 1437 1212 quanti

241 1232 388 1300 facienda
409 1237 452 1302 sit
474 1237 535 1303 riri
557 1237 718 1316 doctrina,
746 1237 946 1320 perspicitur.
990 1241 1131 1304 attamen
1153 1255 1236 1320 quae
1257 1257 1295 1303 cx
1318 1257 1363 1305 ea
1390 1237 1436 1302 ad

243 1363 494 1432 nospervenere,
514 1348 580 1415 iere
595 1348 700 1414 omnia
722 1348 763 1412 ad
785 1349 968 1431 prosodiam
982 1348 1114 1414 iliacam
1136 1349 1281 1415 redeunt.
1326 1369 1434 1434 quarn

243 1457 324 1522 adeo
348 1458 466 1525 multus
481 1459 682 1526 Herodianus
705 1459 882 1542 usurpavit,
905 1465 941 1526 ut
964 1460 1154 1543 praecipuus
1171 1459 1239 1526 eius
1262 1460 1302 1526 de
1324 1460 1434 1526 Iliaca

242 1569 392 1648 prosodia
413 1570 488 1636 libri
509 1570 580 1638 fons
601 1570 700 1637 fuisse
722 1570 897 1636 censendus
919 1569 971 1635 sit.

329 1680 392 1746 iarn
414 1681 584 1766 imaginem
607 1681 766 1764 quandam
790 1680 963 1746 Ptolemaei
992 1681 1153 1748 doctrinae
1175 1682 1218 1747 ad
1239 1681 1429 1763 prosodiam

243 1791 419 1872 spectantis
458 1792 680 1860 adumbraturi
698 1792 915 1876 ·gravissimas
944 1793 1012 1858 eins
1047 1793 1283 1860 observationes
1313 1792 1429 1876 quales

243 1921 301 1984 por
316 1903 444 1970 scholia
471 1904 506 1968 Il.
535 1904 682 1971 feruntur
714 1904 853 1970 breviter
876 1942 915 1950 ·-
939 1923 1039 1987 neque
1070 1903 1153 1970 enim
1180 1903 1298 1970 iustam
1329 1909 1428 1970 vacat

243 2015 505 2098 monographiam
528 2016 725 2098 perscribere
755 2053 797 2064 -
827 2033 1055 2082 recenseamus.
1085 2051 1126 2061 -
1156 2033 1193 2080 ac
1220 2014 1362 2096 primurn
1395 2013 1427 2077 in

243 2124 382 2207 propriis
420 2126 587 2195 verborum
627 2127 811 2194 accentibus
840 2145 1067 2210 saepenumero
1102 2145 1173 2192 eum
1204 2125 1350 2192 videmus
1384 2125 1424 2189 ab

244 2234 429 2302 Aristarcho
452 2235 706 2320 dissentientem,
736 2257 832 2322 saepe
855 2256 928 2302 vero
951 2255 1022 2302 cnm
1045 2255 1081 2302 eo
1102 2235 1280 2304 facientem.
1324 2242 1425 2319 atquc

243 2345 464 2414 Aristarchum
487 2353 614 2415 secutus
635 2349 746 2417 scribit
769 2345 891 2426 πόλεας
914 2351 947 2414 Δ
967 2348 1040 2415 308.
1069 2343 1191 2436 θήλεας
1212 2351 1242 2412 Ε
1260 2349 1333 2414 269.
1363 2346 1423 2432 δη-

243 2450 307 2540 μόν
332 2458 360 2522 Θ
382 2459 445 2526 240
468 2459 592 2543 (Lehrs,
616 2462 670 2529 Ar.
692 2461 779 2548 311).
824 2455 899 2547 οὔλη
922 2465 955 2526 Κ
978 2459 1041 2524 134
1062 2458 1118 2543 (ib.
1149 2458 1235 2538 309).
1265 2454 1362 2547 ’.ζαής
1388 2460 1429 2523 M

247 2567 306 2634 157
331 2571 444 2648 (Lehrs
473 2591 524 2655 qu.
552 2591 625 2654 epp.
650 2572 735 2658 155).
779 2567 933 2659 ταρφειαὶ
959 2577 990 2636 Τ
1007 2570 1070 2637 355
1097 2569 1223 2652 (Lehrs.
1247 2572 1301 2636 Ar.
1324 2568 1422 2653 268);
1461 2621 1462 2650 ,

246 2680 431 2764 discrepans
453 2682 664 2766 a-magistro:
687 2673 789 2748 Αἶπυ
812 2687 842 2748 Β
864 2683 937 2765 592,
960 2689 1070 2748 contra
1091 2678 1147 2770 τὴν
1167 2675 1289 2745 πλείων
1309 2681 1424 2768 χρῆσιν

246 2790 298 2876 (cf.
321 2793 422 2859 Lehrs
444 2795 499 2860 Ar.
522 2794 615 2876 305);
639 2813 831 2878 quamquam
855 2789 963 2881 κύριον
985 2811 1054 2859 esse
1072 2793 1262 2872 concedens3
1286 2785 1423 2878 ἁμαρτῆ,
1461 2783 1462 2872 i

245 2901 323 2967 item
347 2899 377 2970 oi
400 2901 532 2984 πλείους
554 2911 587 2972 et
602 2907 720 2972 Herod.
743 2907 868 2989 (Lehrs.
883 2911 935 2971 Ar.
951 2905 1038 2986 313).
1063 2903 1176 2970 Eoos.
1199 2899 1276 2990 [ζῶς
1298 2901 1422 2968 ussi?

245 3035 274 3081 v.
296 3016 345 3081 La
366 3007 463 3084 Ro'ch.
494 3017 534 3084 H.
556 3019 592 3085 Τ.
614 3019 692 3101 264]
725 3019 838 3106 Μεγῆυ
865 3017 986 3097 0302,
1016 3032 1088 3083 cum
1118 3014 1207 3095 aliis,
1237 3014 1278 3082 ob
1305 3012 1423 3082 Herod.
1461 3055 1462 3106 ρ

245 3126 405 3195 refutatus
436 3131 560 3215 (Lehrs.
583 3132 638 3198 Ar.
660 3131 749 3216 310).
793 3123 933 3217 περκυός
968 3127 999 3191 Ω
1028 3126 1101 3207 316,
1132 3125 1240 3209 itaque
1270 3119 1421 3216 ἣπαρά-

247 3237 338 3317 δοσις
364 3241 533 3326 (Gottling.
556 3244 628 3310 Auo.
654 3242 739 3328 196).
771 3233 853 3328 apog
875 3241 905 3303 Σ
926 3239 997 3322 100,
1020 3238 1219 3306 adsentiente
1251 3237 1327 3305 Her.
1361 3238 1422 3320 (La

246 3349 352 3417 Roche
374 3352 461 3437 203).
505 3344 723 3433 εὐχετάασθαι
744 3359 776 3418 Ζ
797 3352 859 3418 268
882 3349 996 3434 (Gottl.
1027 3349 1102 3433 102)
1134 3356 1166 3416 at
1196 3344 1300 3415 σόωσι
1322 3347 1420 3416 1393
1461 3329 1462 3398 f

247 3459 323 3542 (ici.
345 3462 393 3530 La
414 3463 513 3530 Roch.
536 3466 623 3550 359).
661 3465 716 3531 sed
739 3463 841 3530 multa
864 3467 938 3528 sunt
960 3463 1000 3526 de
1022 3460 1137 3543 quibus
1159 3461 1315 3545 quomodo
1338 3457 1418 3524 iudi·
1461 3493 1462 3504 υ

247 3571 329 3636 oarit
342 3573 548 3658 Aristarchus
570 3595 631 3642 non
652 3579 792 3642 notatur.
837 3580 870 3640 et
884 3573 1084 3639 Herodianus
1106 3572 1233 3655 quidem
1254 3589 1328 3636 eum
1350 3589 1419 3652 pro·
1461 3571 1462 3610 ³

246 3694 449 3708 -ᾕ-
1461 3681 1462 3722 i

338 3747 365 3824 1)
387 3749 546 3810 haeredit
568 3751 659 3812 schol.
681 3751 735 3812 LV
757 3749 795 3809 ad
818 3749 847 3806 Ε
870 3753 941 3807 500.

334 3853 365 3924 2)
388 3845 484 3922 οὕτως
504 3844 684 3931 Ἡρωδιανὸς
699 3848 731 3912 ἐν
746 3852 782 3934 τῇ
798 3843 943 3910 Καθόλου
965 3843 1016 3908 καὶ
1033 3847 1216 3925 Πτολεμαῖος
1231 3843 1263 3908 ἒν
1278 3848 1320 3930 cpi
1334 3868 1365 3906 ιι.
1382 3863 1417 3915 ο,
1461 3869 1462 3896 r

247 3953 277 4009 h.
294 3971 318 4011 o.
342 3954 531 4015 Herodianus
554 3963 584 4016 ct
607 3957 656 4036 qui
673 3957 709 4015 ab
732 3975 767 4014 eo
789 3953 927 4014 laudator
941 3953 1146 4013 Ptolemaeus:
1169 3973 1197 4014 v.
1220 3953 1261 4010 M.
1277 3949 1416 4010 Schmidt.

247 4054 314 4114 Did.
338 4061 410 4116 294.
432 4057 504 4118 item
527 4049 544 4118 ἆ
562 4053 778 4134 Ἀσκαλωνίτης
799 4052 848 4118 καὶ
869 4049 1057 4137 Ἀρίσταρχος
1079 4054 1170 4114 schol.
1194 4055 1224 4112 Κ
1245 4059 1315 4113 242.

335 4159 366 4236 3)
390 4179 465 4238 quoe
489 4163 578 4222 otiam
600 4163 636 4234 od
658 4167 757 4240 partes
779 4166 904 4222 vocatur
927 4161 1017 4220 schol.
1041 4160 1070 4216 Ε
1093 4163 1142 4218 39.

335 4261 366 4337 4)
389 4262 440 4320 ubi
473 4263 559 4324 aliter
591 4267 626 4324 de
658 4261 752 4345 οριιηξ
783 4263 864 4322 vocis
896 4262 1004 4340 spiritu
1034 4259 1180 4321 iudicasse
1207 4259 1239 4320 in
1270 4258 1322 4318 iilo
1343 4260 1413 4320 libro

248 4359 384 4432 traditur,
407 4363 494 4423 alitor
514 4365 547 4422 in
569 4367 634 4424 hoc.
