2962 4812
231 371 366 453 denique
388 371 554 453 analogiae
577 372 668 452 signa
689 370 749 437 hac
780 391 818 436 ex
839 378 933 456 parte
961 389 1092 454 prorsus
1115 371 1249 436 destitui
1271 390 1292 436 a
1314 370 1427 438 Chae·
1474 367 1475 432 i

228 481 314 547 ride:
349 484 513 564 Xoichl)
543 479 582 548 de'
610 501 709 568 φησιν
738 473 795 546 οὐκ
822 473 907 548 εἶναι
936 481 970 548 ἐν
998 477 1208 566 δισυλλάβοις
1230 473 1424 566 ἀναλογίαν.

229 594 272 658 ad
310 611 391 674 quae
427 592 623 674 Lohecldus,
662 593 767 660 Paral.
800 613 899 676 gram.
933 613 980 678 gr.
1013 613 1043 675 p.
1079 593 1157 660 121:
1188 611 1247 674 „ac
1278 590 1425 658 tortasse

229 703 294 768 iam
325 703 357 768 iu
387 709 495 770 vetere
523 703 580 770 illa
612 704 900 770 Grammaticorum
922 705 1154 783 controversia,
1185 722 1268 786 quae
1290 701 1354 768 fuit
1378 704 1424 768 de

228 813 376 897 analogia
397 821 431 881 et
452 815 612 882 anomalia
626 817 788 896 sermonis
811 815 890 882 haee
912 816 1036 898 agitata
1058 820 1107 880 est
1129 817 1168 881 de
1190 813 1424 898 monosyllabis
1474 819 1475 902 i

228 927 381 1007 quaestio.
425 926 603 1008 Tryphonis
626 927 751 1010 quidem
774 931 970 994 memoratur
984 927 1065 993 liber
1086 923 1164 1009 περὶ
1185 926 1243 1013 mic
1264 921 1299 990 ἐν
1312 946 1422 1008 pono·

229 1031 404 1120 σολλαβοις
436 1028 610 1122 ἀναλογίας
641 1075 683 1084 -
714 1056 809 1120 qnam
840 1038 914 1103 huie
935 1037 1044 1120 generi
1065 1036 1192 1104 videtur
1214 1037 1423 1104 abiudicasse
1474 1055 1475 1144 ρ

231 1147 381 1228 Chaeris;
403 1165 477 1212 nam
499 1147 531 1212 in
553 1147 650 1214 schol.
673 1156 709 1216 N
729 1149 799 1223 103,
822 1150 876 1215 uhi
899 1154 1049 1216 accentus
1066 1149 1282 1230 genetirorum
1303 1143 1422 1230 θώων,
1474 1147 1475 1236 ξ

227 1253 358 1322 παίδων
372 1265 432 1324 etc.
455 1259 663 1342 disceptatur,
686 1266 846 1342 postrema
868 1260 964 1326 verba
986 1297 1028 1306 --
1050 1278 1102 1326 res
1123 1261 1196 1342 ipsa
1216 1259 1422 1326 demonstrat
1474 1291 1475 1372 ρ

227 1370 274 1434 sic
303 1369 470 1436 scribenda
499 1390 569 1438 esse
590 1368 625 1436 ἒν
646 1373 717 1448 τοῖς
737 1365 1010 1456 μονοσολλάβοις,
1043 1377 1100 1436 aut
1121 1375 1207 1437 certe
1238 1368 1420 1452 significari

229 1480 453 1547 inclinamenta
481 1482 799 1566 monosyllabarum“.
844 1486 879 1548 at
910 1482 1017 1562 potuit
1046 1481 1087 1546 de
1107 1479 1264 1564 genetiuis
1287 1485 1419 1546 tantum
1474 1481 1475 1570 i

226 1590 321 1656 huius
343 1592 477 1672 generis,
501 1593 540 1657 do
563 1610 626 1675 quo
650 1599 738 1658 totus
760 1592 847 1658 loeus
862 1598 921 1673 est,
945 1591 1077 1658 Chaeris
1091 1591 1188 1673 loqui.
1219 1591 1328 1674 itaque
1343 1592 1419 1658 iure

226 1701 364 1768 fortasse
378 1702 528 1770 Lersohio
552 1701 962 1786 (Sprachphil.11p.105)
985 1703 1110 1786 longius
1132 1714 1321 1785 progressus
1344 1723 1420 1772 ease

230 1813 407 1879 Lobeclrius
429 1813 566 1879 videtur.
611 1814 668 1879 sed
689 1813 768 1880 haec
791 1819 828 1878 ut
849 1814 1023 1894 mittamus,
1045 1813 1108 1880 isto
1123 1813 1267 1897 exemplo
1281 1815 1420 1898 pulchre

227 1925 460 2008 cognoscimur,
495 1944 567 1992 cum
604 1924 673 2007 ipse
710 1924 916 1992 Aristarchus
952 1929 1081 2006 praeter
1113 1943 1203 1990 suam
1233 1925 1417 2009 analogiam
1474 1931 1475 2010 l

228 2035 328 2116 (quod
360 2035 488 2100 minime
510 2035 659 2100 nimirum
691 2042 798 2102 certae
831 2037 955 2118 sibique
984 2035 1158 2102 constantis
1186 2035 1352 2104 doctrinae
1384 2039 1417 2104 ei

227 2145 307 2210 satis
336 2145 401 2211 alte
422 2152 608 2228 perceptum
638 2151 708 2210 erat
738 2147 944 2230 principium)
977 2148 1049 2212 rivo
1078 2147 1230 2214 sermonis
1262 2149 1335 2214 usui
1366 2149 1417 2214 la·

226 2260 295 2320 tum
324 2256 494 2322 admodum
517 2276 666 2340 campum
688 2257 887 2339 reliquisset:
918 2259 987 2325 eins
1017 2257 1190 2340 discipulos
1211 2277 1282 2325 cum
1304 2264 1414 2326 certas

227 2366 333 2432 ubivis
353 2366 482 2448 regulas
504 2373 646 2436 statuere
668 2375 877 2450 conarentur,
906 2370 985 2436 alios
1014 2369 1046 2435 in
1077 2369 1157 2434 alios
1187 2388 1311 2436 errores
1331 2371 1415 2436 inci·

228 2477 370 2560 disse¹>,
394 2480 559 2547 nonnullos
582 2485 707 2562 autem,
737 2479 821 2547 sicut
849 2481 880 2546 h.
902 2481 922 2546 l.
946 2479 1134 2548 Chaaridem
1165 2481 1317 2548 sermonis
1346 2481 1414 2550 for·

227 2607 350 2654 marum
373 2590 596 2673 multiplicium
619 2591 711 2674 copia
743 2595 905 2676 tamquam
935 2591 1081 2671 territos,
1113 2590 1167 2657 ubi
1196 2591 1316 2658 nullam
1345 2592 1415 2660 iam

227 2719 398 2783 agnoscere
426 2701 488 2767 sibi
518 2703 704 2770 viderentur
734 2701 928 2784 analogiam,
958 2702 1148 2769 anomaliam
1178 2701 1347 2786 amplexos.
1383 2725 1413 2770 v.

227 2810 336 2876 Lebrs.
359 2812 413 2877 Ar.
437 2812 510 2879 259.
532 2812 701 2880 Steinthal.
724 2812 929 2896 Sprachwiss
951 2814 1024 2880 491.
1045 2815 1119 2879 492.

312 2925 347 2987 at
378 2921 574 2990 laudandum
598 2930 706 2992 noster
726 2925 759 2992 in
789 2924 966 2992 homericae
988 2924 1115 2992 dicendi
1137 2925 1271 2992 rationis
1292 2926 1415 3009 peritia

228 3229 261 3295 uri
293 3231 324 3296 dl
355 3229 447 3296 θῶσιν
476 3233 550 3296 ἔνιοι
573 3237 773 3316 περισπῶσιν,
803 3228 846 3294 ἵν’
880 3225 1012 3318 ὅμοιονῇ
1034 3235 1076 3316 τῶ
1097 3235 1205 3312 θηρῶν
1226 3231 1275 3294 aui
1298 3237 1413 3308 κυνῶν,
1474 3287 1475 3312 ,

230 3333 324 3410 οὕτως
353 3335 386 3398 δὲ
415 3335 465 3398 καὶ
491 3329 676 3418 Ἀρίσταρχος
713 3333 903 3416 προφέρεται,
936 3338 1066 3412 Διοκλῆς
1103 3333 1154 3395 καὶ
1186 3327 1205 3395 o‘
1235 3335 1315 3419 Θρᾷξ
1339 3341 1412 3398 Διο-

1474 3329 1475 3400 i

229 3434 331 3511 νύσιος
354 3431 395 3511 ῶς
417 3433 596 3519 βαρύνονιες
625 3434 679 3518 τήν
702 3436 787 3512 λέξιν.
816 3449 906 3520 atque
929 3440 1110 3514 Goottling.,
1140 3443 1263 3500 docent.
1285 3461 1315 3518 p.
1340 3447 1416 3520 246,

229 3537 329 3632 cirac
352 3544 432 3603 istud
462 3543 499 3601 ad
529 3542 637 3602 lemma
668 3535 761 3602 θῶσιν
790 3563 897 3620 parum
923 3543 1121 3622 probabiliter
1151 3543 1257 3602 statuit
1279 3546 1414 3605 referen·
1474 3569 1475 3626 ι

227 3649 309 3721 dum,
341 3649 377 3706 de
401 3643 509 3707 ceteris
531 3664 661 3706 securus.
707 3666 825 3706 sensum
850 3647 900 3726 qui
923 3646 1078 3722 flagitatur
1100 3644 1234 3705 restituit
1257 3646 1414 3722 Lehrsius,
1474 3645 1475 3690 ³

227 3753 280 3810 Ar.
305 3755 382 3810 261:
403 3783 445 3794 -
470 3748 579 3808 κυνῶν.
603 3741 623 3826 ἡ
646 3743 677 3808 δὲ
700 3743 866 3828 παράδοσις
888 3741 1069 3827 βαρυτόνως.
1093 3741 1189 3818 οὕτως
1211 3742 1243 3808 δὲ
1264 3745 1315 3807 καὶ
1336 3741 1413 3829 Ἀρί-

229 3868 350 3932 σιαρχος
377 3848 565 3932 προφέρεται.
612 3852 742 3929 Διοκλῆς
772 3845 804 3910 dl
834 3847 881 3910 aui
915 3842 933 3910 o‘
957 3850 1037 3934 Θρᾷξ
1061 3853 1095 3910 Δ.
1140 3843 1414 3931 καταγινῶσκουσιν

229 3947 323 4014 οὗτοι
354 3945 394 4024 σς
423 3948 607 4034 βαρύνοντος
643 3947 697 4030 τοι
727 3949 812 4025 resto.
845 3987 887 3998 -
917 3957 953 4015 er.
985 3957 1114 4016 cremer.
1147 3958 1204 4014 an.
1236 3953 1331 4014 Paris.
1363 3957 1415 4016 111
1474 3929 1475 4008 ἕ

231 4063 303 4131 285,
329 4062 376 4116 14.
420 4079 449 4120 v.
474 4059 517 4118 La
538 4059 632 4120 Roob.
657 4059 694 4117 H.
718 4057 750 4117 Τ.
776 4061 846 4116 402.

318 4161 349 4237 1)
373 4166 544 4238 cenapium
566 4163 599 4220 in
625 4155 730 4239 ,Χάρης
752 4181 797 4238 ap.
822 4161 951 4219 Cramer.
973 4163 1031 4220 An.
1053 4161 1074 4218 1.
1089 4160 1108 4220 l.

318 4263 349 4340 2)
371 4263 522 4321 luculento
561 4265 696 4342 exemplo
726 4265 762 4324 de
791 4263 937 4341 Dionysio
967 4263 1081 4323 Thraco
1112 4269 1172 4336 est,
1212 4263 1290 4342 quod
1321 4266 1414 4324 refert
1474 4293 1475 4316 r

234 4365 395 4424 Herodian.
419 4365 456 4424 ad
480 4365 505 4421 Β
525 4370 597 4427 262.
1474 4353 1475 4364 ’
