2962 4812
720 219 934 286 „34-

240 391 441 474 grammatici
464 389 588 470 (Lehrs.
617 389 637 454 l.
659 389 705 470 1.),
736 407 836 471 usqua
864 407 989 472 quaque
1018 389 1125 455 valere
1154 393 1262 455 noster
1290 391 1431 456 videtur

240 503 393 582 voluisse,
424 503 508 584 quod
538 507 571 567 et
593 501 697 583 ipsum
720 501 752 565 in
774 501 839 566 tale
861 501 1025 582 analogiae
1048 501 1187 566 studium
1210 502 1305 582 quale
1327 503 1358 566 in
1386 520 1430 567 eo

239 615 443 698 eognovimus
458 614 579 695 optime
601 612 762 677 convenit:
786 613 841 676 sed
856 611 1058 678 Herodianus
1079 631 1140 676 non
1162 613 1256 678 item:
1277 634 1307 679 v.
1321 615 1428 680 schol.

238 729 267 790 E
287 727 337 803 76,
360 725 398 790 01.
420 724 532 790 Lahrs.
554 725 609 788 Ar.
632 723 693 789 331
718 741 796 805 sqq„
819 729 851 788 et
873 723 1047 788 Herodiani
1070 742 1148 790 scrr.
1171 731 1213 789 tr.
1234 727 1277 791 ad
1301 727 1332 790 h.
1355 727 1378 791 1.
1396 729 1429 807 ¹)

238 837 459 904 Aristarchum
488 836 631 916 sequitur
659 836 690 900 io
715 827 848 922 ἀὲκήλια
870 841 903 901 01
925 835 1091 902 scribendo
1113 843 1146 901 et
1167 837 1427 919 interpretando,

239 955 269 1014 Σ
281 950 299 1013 7
304 951 339 1028 7;
362 948 419 1014 sed
433 953 542 1012 contra
558 965 754 1014 communem
769 947 939 1029 paradosin
960 939 1073 1012 eilddev
1087 949 1231 1029 postulat
1253 947 1287 1020 Ξ
1304 949 1368 1016 340
1380 951 1426 1034 ²).

237 1060 455 1126 Herodianum
479 1059 577 1124 habet
599 1057 798 1124 laudatorem
820 1058 853 1123 in
875 1050 1017 1144 προάλεῖ
1031 1059 1175 1125 vocabuli
1197 1060 1301 1125 altera
1323 1069 1425 1143 parte

237 1190 306 1237 cum
339 1171 402 1237 leni
430 1169 638 1252 proferenda,
665 1174 696 1233 Φ
718 1170 789 1236 262.
811 1205 855 1216 -
877 1171 939 1234 duo
972 1175 1047 1235 snnt
1077 1172 1116 1236 de
1139 1171 1295 1237 vocalium
1319 1191 1426 1255 quan-

235 1285 335 1364 titate
346 1282 424 1347 loci:
446 1280 543 1346 schol.
567 1284 598 1344 Β
612 1281 676 1348 662
691 1286 724 1346 et
746 1284 786 1344 Π
795 1281 836 1345 41
860 1279 894 1361 (λ
909 1281 1019 1362 2217),
1041 1281 1129 1364 prior
1143 1301 1214 1347 cum
1230 1283 1425 1350 Aristarcho

235 1393 476 1474 consentientis,
498 1392 582 1457 alter
605 1391 823 1458 dissentientis
845 1392 885 1460 ab
909 1410 962 1472 eo;
986 1393 1027 1458 ad
1050 1393 1115 1460 seh.
1138 1397 1178 1457 Π
1194 1395 1235 1459 41
1259 1415 1290 1460 v.
1313 1395 1423 1462 Stein-

236 1505 408 1570 11101477.

320 1616 457 1699 denique
479 1615 565 1682 locos
587 1615 744 1682 ascribam
767 1615 822 1696 qui
844 1615 1031 1682 adveniam
1054 1615 1221 1683 lectionem
1249 1621 1348 1684 etad
1370 1618 1422 1683 in-

235 1730 443 1812 terpretanda
465 1727 572 1809 verba,
595 1727 646 1792 vel
669 1727 710 1792 ad
733 1745 858 1792 sensum
874 1727 1102 1792 illustrandum
1116 1728 1288 1810 pertinent.
1320 1736 1433 1811 atque¹

234 1861 254 1906 a
278 1839 399 1906 tradita
422 1840 582 1921 scriptura
604 1839 706 1904 tribus
731 1842 856 1904 tantum
872 1837 1074 1904 Ptolemaeus
1096 1840 1175 1906 locis
1197 1841 1340 1907 traditur
1363 1843 1420 1906 de·

233 1952 376 2020 scivisse:
401 1955 431 2015 B
453 1950 515 2016 256
537 1946 699 2035 κιχείομαι
722 1950 818 2031 legit,
854 1956 886 2014 T
903 1951 967 2016 384
988 1969 1120 2032 pravam
1148 1953 1292 2033 seqnitur
1315 1955 1418 2036 scrip·

234 2073 338 2139 tunam
362 2052 573 2147 01001τοῦ3),
604 2065 633 2126 Ε
651 2061 716 2127 550
736 2053 798 2126 εὖτ’
822 2054 862 2127 dv
884 2081 942 2144 pro
964 2057 1017 2126 ὅτε
1040 2085 1074 2126 ca
1097 2069 1237 2130 testatur
1260 2065 1417 2147 scriptum

233 2176 343 2258 (schol.
357 2175 438 2259 LV).
451 2175 538 2239 -in
553 2173 686 2255 singulis
700 2173 861 2240 vocabulis
876 2173 1074 2257 explicandis
1085 2174 1264 2242 Aristarchi
1281 2175 1418 2260 vestigia

233 2288 451 2354 Ptolemaeum
474 2286 620 2352 videmus
641 2293 837 2366 prementem
864 2288 897 2350 A
918 2285 990 2367 235,
1012 2285 1068 2351 ubi
1089 2282 1228 2369 ψευδέσι
1249 2305 1269 2352 a
1291 2283 1417 2376 ψευδής
1469 2307 1470 2389 p

234 2399 373 2466 derivari
394 2398 524 2482 vnlt⁴);
554 2403 585 2462 Z
613 2397 678 2465 260
698 2398 731 2462 10
752 2389 921 2480 eleuata
944 2395 996 2481 (ci.
1019 2397 1159 2462 Ariston.
1182 2398 1223 2462 ad
1246 2399 1276 2479 2,
1299 2398 1413 2464 Fried-
1468 2463 1469 2466 ,

233 2512 373 2578 leander.
397 2511 537 2576 Ariston.
552 2509 587 2593 8)
610 2509 682 2575 aliis
706 2503 903 2594 συναλοιφήν
925 2509 1155 2590 accipientibus
1177 2507 1274 2574 0καί
1296 2502 1413 2588 αὖτός;
1468 2473 1469 2557 l

235 2627 266 2688 B
286 2621 350 2690 461
374 2619 484 2706 (schol.
508 2621 544 2700 B,
567 2619 607 2686 ci.
622 2620 737 2702 Paris.)
756 2612 872 2684 Ἀσίω.
896 2625 935 2685 Λ
949 2620 1011 2686 503
1035 2622 1123 2684 νεῶν.
1151 2626 1182 2684 Φ
1203 2621 1268 2686 323
1289 2625 1414 2706 coppo·
1467 2641 1468 2723 p

232 2727 324 2823 xoipo'
364 2733 492 2817 (Grates
527 2727 733 2817 τυμβοχόης).
768 2732 812 2797 Μ.
844 2730 895 2797 55.
925 2729 967 2797 56
995 2726 1144 2796 ,ἕστασαν
1174 2767 1216 2778 -
1254 2726 1413 2811 bovonem

233 2847 433 2914 aberrantem
456 2861 531 2910 vero
554 2862 573 2909 a
595 2843 749 2923 magistro
772 2845 804 2907 A
819 2843 882 2908 212
904 2834 1034 2908 κυκλόσ’
1058 2841 1108 2922 (01.
1132 2842 1412 2926 Spintherem).
1466 2827 1467 2889 l

236 2959 350 3024 6328
378 2953 447 3043 χεὶρ
476 2954 530 3039 (of.
563 2955 701 3020 Ariston.
732 2955 774 3019 ad
795 2955 841 3038 1.).
882 2953 902 3018 d
933 2957 995 3020 221
1027 2951 1189 3040 &antip-‘loo
1220 2955 1411 3036 (Aristarch.
1465 2979 1466 3057 p

235 3066 398 3155 ἐπίληθον
412 3101 454 3116 -ι
469 3062 573 3151 ὄνομα
588 3060 819 3149 ἐκδεχόμενος).
842 3103 883 3112 -
905 3069 935 3130 Ε
946 3065 1008 3132 461
1034 3068 1149 3152 Τρῶας
1160 3065 1191 3148 ⁵)
1214 3066 1327 3132 scribit
1342 3085 1412 3133 enm

320 3382 352 3458 1)
373 3380 596 3459 „disputaverat
621 3377 675 3458 [se.
692 3378 819 3452 Herod]
845 3388 949 3438 eontra
964 3377 1169 3438 Ptolemaeum
1184 3377 1221 3436 de
1236 3377 1411 3437 necessitate
1463 3337 1464 3389 ¹

234 3490 265 3543 et
287 3484 485 3544 constantia.“
1462 3505 1463 3557 v

294 3571 348 3665 2)
370 3587 420 3647 hic
436 3605 554 3666 quoque
576 3585 710 3660 regulam
726 3605 859 3662 ponens:
883 3577 930 3644 ὅτι
951 3578 987 3642 rol
1010 3575 1197 3660 δασυνόμενα
1219 3579 1251 3642 ἐν
1272 3583 1309 3666 τῇ
1331 3579 1412 3642 ἐπεν-

230 3685 314 3750 θέσει
335 3691 389 3750 τοῦ
409 3691 430 3748 b
451 3690 604 3764 ψιλοῦται,
627 3679 667 3757 ὥς
689 3679 759 3758 ὅλος
781 3675 885 3758 οὖλος·
918 3681 1013 3756 οὕτως
1036 3673 1091 3746 οὖν
1113 3681 1164 3744 καὶ
1184 3677 1218 3744 τὰ
1242 3681 1327 3744 ἕαδεν
1348 3677 1411 3743 aba·
1461 3665 1462 3723 1

232 3791 284 3852 dev
305 3788 420 3872 γένοι’το
441 3783 633 3867 φιλούμενον.
1460 3817 1461 3889 p

317 3897 349 3972 3)
371 3915 406 3954 00
436 3894 512 3955 mire
540 3899 627 3972 putat
659 3895 793 3958 dativum
825 3914 880 3972 pro
908 3892 1047 3969 genetivo
1079 3891 1224 3970 positum
1257 3887 1406 3951 03001101.

231 3996 325 4056 Paris.
354 3997 399 4075 (in
430 4000 526 4060 (lnam.
554 4004 613 4060 An.
642 4000 704 4079 m)
733 4001 763 4057 A
795 3999 872 4058 579:
905 3989 922 4056 ὅ
955 3997 1139 4072 Πτολεμαῖος
1169 3985 1238 4071 ἡμῖν
1268 3986 1333 4053 ἀντὶ
1359 3989 1407 4051 τοῦ
1459 3973 1460 4057 l

229 4089 324 4174 ἡμῶν,
349 4089 366 4157 ὅ
388 4094 420 4158 δὲ
439 4095 630 4183 Ἀρίσταρχος
651 4094 731 4179 ἡμῖν.

317 4200 348 4278 4)
371 4203 555 4283 Hermappia
576 4207 755 4267 observante
778 4203 905 4281 simplex
928 4194 1046 4278 ψευδής
1068 4201 1147 4280 apud
1163 4201 1329 4260 Homerum
1350 4215 1404 4258 non

230 4303 370 4364 inveniri.
416 4308 453 4365 of.
476 4308 632 4368 Stainthal.
658 4314 730 4367 466.

316 4405 348 4485 5)
371 4410 407 4469 01.
421 4409 599 4472 Lesbonact.
623 4406 689 4490 περὶ
705 4401 861 4486 σχημάτων
876 4429 905 4486 p.
928 4413 984 4467 163
1001 4408 1150 4486 [Ammon.
1167 4406 1309 4466 Valcken.
1328 4396 1395 4478 170]

1450 4573 1456 4773 l
