<?xml version="1.0" encoding="UTF-8"?>
<!DOCTYPE html PUBLIC "-//W3C//DTD XHTML 1.0 Transitional//EN"
    "http://www.w3.org/TR/xhtml1/DTD/xhtml1-transitional.dtd">
<html xmlns="http://www.w3.org/1999/xhtml" xml:lang="en" lang="en">
 <head>
  <title>
</title>
<meta http-equiv="Content-Type" content="text/html;charset=utf-8" />
  <meta name='ocr-system' content='tesseract 3.04.00' />
  <meta name='ocr-capabilities' content='ocr_page ocr_carea ocr_par ocr_line ocrx_word'/>
</head>
<body>
  <div class='ocr_page' id='page_1' title='image "./dearistarchidis01blaugoog_0018.png"; bbox 0 0 2962 4812; ppageno 0'>
   <div class='ocr_carea' id='block_1_1' title="bbox 560 216 771 281">
    <p class='ocr_par' dir='ltr' id='par_1_1' title="bbox 560 216 771 281">
     <span class='ocr_line' id='line_1_1' title="bbox 560 216 771 281; baseline 0 -19"><span class='ocrx_word' id='word_1_1' title='bbox 560 216 771 281; x_wconf 75' lang='lat'>..11-</span> 
     </span>
    </p>
   </div>
   <div class='ocr_carea' id='block_1_2' title="bbox 49 383 1256 2350">
    <p class='ocr_par' dir='ltr' id='par_1_2' title="bbox 49 383 1256 2018">
     <span class='ocr_line' id='line_1_2' title="bbox 69 383 1253 466; baseline -0.001 -19"><span class='ocrx_word' id='word_1_2' title='bbox 69 401 170 465; x_wconf 87' lang='lat' dir='ltr'>quern</span> <span class='ocrx_word' id='word_1_3' title='bbox 181 383 342 465; x_wconf 85' lang='lat' dir='ltr'>Didymus</span> <span class='ocrx_word' id='word_1_4' title='bbox 364 384 444 448; x_wconf 90' lang='lat' dir='ltr'>citat</span> <span class='ocrx_word' id='word_1_5' title='bbox 466 386 508 449; x_wconf 91' lang='lat' dir='ltr'>ad</span> <span class='ocrx_word' id='word_1_6' title='bbox 534 391 566 448; x_wconf 88' lang='lat' dir='ltr'><em>T</em></span> <span class='ocrx_word' id='word_1_7' title='bbox 582 385 654 463; x_wconf 82' lang='lat'>365,</span> <span class='ocrx_word' id='word_1_8' title='bbox 678 384 809 450; x_wconf 87' lang='lat' dir='ltr'>Wolfius</span> <span class='ocrx_word' id='word_1_9' title='bbox 832 385 900 450; x_wconf 90' lang='lat' dir='ltr'>iure</span> <span class='ocrx_word' id='word_1_10' title='bbox 916 385 1097 466; x_wconf 88' lang='lat' dir='ltr'>suspicatus</span> <span class='ocrx_word' id='word_1_11' title='bbox 1119 387 1176 447; x_wconf 92' lang='lat' dir='ltr'>est.</span> <span class='ocrx_word' id='word_1_12' title='bbox 1220 387 1253 447; x_wconf 92' lang='lat' dir='ltr'>et</span> 
     </span>
     <span class='ocr_line' id='line_1_3' title="bbox 70 479 1252 578; baseline -0.002 -20"><span class='ocrx_word' id='word_1_13' title='bbox 70 495 195 559; x_wconf 88' lang='lat' dir='ltr'>rectius</span> <span class='ocrx_word' id='word_1_14' title='bbox 227 495 325 560; x_wconf 87' lang='lat' dir='ltr'>etiam</span> <span class='ocrx_word' id='word_1_15' title='bbox 348 515 366 560; x_wconf 95' lang='grc'>0</span> <span class='ocrx_word' id='word_1_16' title='bbox 389 513 458 561; x_wconf 91' lang='lat' dir='ltr'>mea</span> <span class='ocrx_word' id='word_1_17' title='bbox 480 499 638 563; x_wconf 87' lang='lat' dir='ltr'>sententia</span> <span class='ocrx_word' id='word_1_18' title='bbox 660 497 839 562; x_wconf 88' lang='lat' dir='ltr'>Becoardus</span> <span class='ocrx_word' id='word_1_19' title='bbox 861 516 891 578; x_wconf 89' lang='lat' dir='ltr'>p.</span> <span class='ocrx_word' id='word_1_20' title='bbox 914 498 971 561; x_wconf 83' lang='lat'>61:</span> <span class='ocrx_word' id='word_1_21' title='bbox 1005 495 1122 576; x_wconf 90' lang='lat' dir='ltr'>„libros</span> <span class='ocrx_word' id='word_1_22' title='bbox 1151 479 1252 575; x_wconf 79' lang='lat' dir='ltr'>igitur</span> 
     </span>
     <span class='ocr_line' id='line_1_4' title="bbox 70 593 1251 686; baseline 0 -18"><span class='ocrx_word' id='word_1_23' title='bbox 70 605 240 669; x_wconf 85' lang='lat' dir='ltr'>Ammonii</span> <span class='ocrx_word' id='word_1_24' title='bbox 263 624 388 670; x_wconf 94' lang='lat' dir='ltr'>-non</span> <span class='ocrx_word' id='word_1_25' title='bbox 411 593 498 672; x_wconf 88' lang='lat' dir='ltr'>duos</span> <span class='ocrx_word' id='word_1_26' title='bbox 513 607 620 686; x_wconf 89' lang='lat' dir='ltr'>luisse,</span> <span class='ocrx_word' id='word_1_27' title='bbox 642 609 697 673; x_wconf 93' lang='lat' dir='ltr'>sed</span> <span class='ocrx_word' id='word_1_28' title='bbox 719 626 816 672; x_wconf 92' lang='lat' dir='ltr'>unum</span> <span class='ocrx_word' id='word_1_29' title='bbox 837 625 907 672; x_wconf 92' lang='lat' dir='ltr'>oum</span> <span class='ocrx_word' id='word_1_30' title='bbox 931 605 1042 671; x_wconf 90' lang='lat' dir='ltr'>Wolfio</span> <span class='ocrx_word' id='word_1_31' title='bbox 1057 604 1251 685; x_wconf 89' lang='lat' dir='ltr'>coniecerim,</span> 
     </span>
     <span class='ocr_line' id='line_1_5' title="bbox 71 714 1251 800; baseline -0.003 -19"><span class='ocrx_word' id='word_1_32' title='bbox 71 716 132 781; x_wconf 87' lang='lat' dir='ltr'>sed</span> <span class='ocrx_word' id='word_1_33' title='bbox 156 715 205 780; x_wconf 90' lang='lat' dir='ltr'>ita</span> <span class='ocrx_word' id='word_1_34' title='bbox 228 714 326 780; x_wconf 87' lang='lat' dir='ltr'>fuisse</span> <span class='ocrx_word' id='word_1_35' title='bbox 348 735 455 795; x_wconf 84' lang='lat' dir='ltr'>unum,</span> <span class='ocrx_word' id='word_1_36' title='bbox 479 725 514 783; x_wconf 90' lang='lat' dir='ltr'>ut</span> <span class='ocrx_word' id='word_1_37' title='bbox 536 718 590 782; x_wconf 89' lang='lat' dir='ltr'>illa</span> <span class='ocrx_word' id='word_1_38' title='bbox 613 718 795 784; x_wconf 82' lang='lat' dir='ltr'>dissertatio</span> <span class='ocrx_word' id='word_1_39' title='bbox 811 719 885 784; x_wconf 88' lang='lat' dir='ltr'>libri</span> <span class='ocrx_word' id='word_1_40' title='bbox 908 714 984 800; x_wconf 76' lang='grc' dir='ltr'><em>περὶ</em></span> <span class='ocrx_word' id='word_1_41' title='bbox 1003 715 1073 781; x_wconf 75' lang='grc'>01.</span> <span class='ocrx_word' id='word_1_42' title='bbox 1093 715 1121 780; x_wconf 87' lang='lat' dir='ltr'>d.</span> <span class='ocrx_word' id='word_1_43' title='bbox 1140 715 1251 796; x_wconf 88' lang='lat' dir='ltr'>scripti</span> 
     </span>
     <span class='ocr_line' id='line_1_6' title="bbox 70 825 1252 910; baseline 0.001 -21"><span class='ocrx_word' id='word_1_44' title='bbox 70 843 153 906; x_wconf 86' lang='lat' dir='ltr'>pars</span> <span class='ocrx_word' id='word_1_45' title='bbox 174 827 332 908; x_wconf 83' lang='lat' dir='ltr'><strong>quaedam</strong></span> <span class='ocrx_word' id='word_1_46' title='bbox 356 827 405 910; x_wconf 82' lang='lat' dir='ltr'>(ct</span> <span class='ocrx_word' id='word_1_47' title='bbox 422 829 684 910; x_wconf 81' lang='lat' dir='ltr'>primoquidem)</span> <span class='ocrx_word' id='word_1_48' title='bbox 706 830 961 910; x_wconf 86' lang='lat' dir='ltr'>proponeretnr“.</span> <span class='ocrx_word' id='word_1_49' title='bbox 986 866 1025 874; x_wconf 93' lang='lat'><em>-</em></span> <span class='ocrx_word' id='word_1_50' title='bbox 1048 829 1132 893; x_wconf 94' lang='lat' dir='ltr'>hunc</span> <span class='ocrx_word' id='word_1_51' title='bbox 1153 825 1252 908; x_wconf 84' lang='lat' dir='ltr'>igitur</span> 
     </span>
     <span class='ocr_line' id='line_1_7' title="bbox 72 935 1252 1021; baseline 0 -21"><span class='ocrx_word' id='word_1_52' title='bbox 72 935 196 1002; x_wconf 90' lang='lat' dir='ltr'>librum</span> <span class='ocrx_word' id='word_1_53' title='bbox 219 939 304 1003; x_wconf 86' lang='lat' dir='ltr'>inter</span> <span class='ocrx_word' id='word_1_54' title='bbox 324 939 512 1021; x_wconf 81' lang='lat' dir='ltr'>principales</span> <span class='ocrx_word' id='word_1_55' title='bbox 534 939 663 1021; x_wconf 89' lang='lat' dir='ltr'>Didymi</span> <span class='ocrx_word' id='word_1_56' title='bbox 685 941 804 1021; x_wconf 89' lang='lat' dir='ltr'>fontes,</span> <span class='ocrx_word' id='word_1_57' title='bbox 836 958 907 1004; x_wconf 92' lang='lat' dir='ltr'>cum</span> <span class='ocrx_word' id='word_1_58' title='bbox 936 941 976 1004; x_wconf 91' lang='lat' dir='ltr'>de</span> <span class='ocrx_word' id='word_1_59' title='bbox 1003 937 1181 1004; x_wconf 84' lang='lat' dir='ltr'>Aristarchi</span> <span class='ocrx_word' id='word_1_60' title='bbox 1205 955 1252 1000; x_wconf 89' lang='lat' dir='ltr'>re-</span> 
     </span>
     <span class='ocr_line' id='line_1_8' title="bbox 73 1047 1255 1131; baseline -0.003 -18"><span class='ocrx_word' id='word_1_61' title='bbox 73 1048 228 1113; x_wconf 78' lang='lat' dir='ltr'>censione</span> <span class='ocrx_word' id='word_1_62' title='bbox 250 1049 419 1129; x_wconf 80' lang='lat' dir='ltr'>scriberet,</span> <span class='ocrx_word' id='word_1_63' title='bbox 447 1049 544 1116; x_wconf 87' lang='lat' dir='ltr'>fuisse</span> <span class='ocrx_word' id='word_1_64' title='bbox 567 1051 720 1131; x_wconf 87' lang='lat' dir='ltr'>suspicari</span> <span class='ocrx_word' id='word_1_65' title='bbox 743 1051 827 1130; x_wconf 88' lang='lat' dir='ltr'>licet,</span> <span class='ocrx_word' id='word_1_66' title='bbox 849 1069 886 1116; x_wconf 93' lang='lat' dir='ltr'>ac</span> <span class='ocrx_word' id='word_1_67' title='bbox 909 1069 1054 1130; x_wconf 86' lang='lat' dir='ltr'>magnam</span> <span class='ocrx_word' id='word_1_68' title='bbox 1077 1054 1202 1131; x_wconf 88' lang='lat' dir='ltr'>partem</span> <span class='ocrx_word' id='word_1_69' title='bbox 1225 1047 1255 1112; x_wconf 93' lang='grc'>01</span> 
     </span>
     <span class='ocr_line' id='line_1_9' title="bbox 74 1159 1253 1243; baseline -0.001 -20"><span class='ocrx_word' id='word_1_70' title='bbox 74 1159 190 1224; x_wconf 85' lang='lat' dir='ltr'>deberi</span> <span class='ocrx_word' id='word_1_71' title='bbox 213 1159 373 1241; x_wconf 92' lang='lat' dir='ltr'>duplicnm</span> <span class='ocrx_word' id='word_1_72' title='bbox 396 1161 574 1227; x_wconf 87' lang='lat' dir='ltr'>Aristarchi</span> <span class='ocrx_word' id='word_1_73' title='bbox 597 1161 776 1243; x_wconf 89' lang='lat' dir='ltr'>lectionum,</span> <span class='ocrx_word' id='word_1_74' title='bbox 799 1179 840 1226; x_wconf 89' lang='lat' dir='ltr'>sc.</span> <span class='ocrx_word' id='word_1_75' title='bbox 864 1180 996 1243; x_wconf 89' lang='lat' dir='ltr'>quarum</span> <span class='ocrx_word' id='word_1_76' title='bbox 1013 1161 1065 1225; x_wconf 91' lang='lat' dir='ltr'>ille</span> <span class='ocrx_word' id='word_1_77' title='bbox 1081 1159 1198 1226; x_wconf 89' lang='lat' dir='ltr'>alteras</span> <span class='ocrx_word' id='word_1_78' title='bbox 1222 1159 1253 1222; x_wconf 93' lang='lat' dir='ltr'>in</span> 
     </span>
     <span class='ocr_line' id='line_1_10' title="bbox 49 1271 1254 1354; baseline -0.001 -20"><span class='ocrx_word' id='word_1_79' title='bbox 49 1273 55 1279; x_wconf 88' lang='lat'>&#39;</span> <span class='ocrx_word' id='word_1_80' title='bbox 75 1271 190 1351; x_wconf 87' lang='lat' dir='ltr'>priori,</span> <span class='ocrx_word' id='word_1_81' title='bbox 206 1271 326 1337; x_wconf 89' lang='lat' dir='ltr'>alteras</span> <span class='ocrx_word' id='word_1_82' title='bbox 341 1273 373 1336; x_wconf 94' lang='lat' dir='ltr'>in</span> <span class='ocrx_word' id='word_1_83' title='bbox 389 1273 556 1352; x_wconf 78' lang='lat' dir='ltr'>posteriori</span> <span class='ocrx_word' id='word_1_84' title='bbox 573 1273 711 1339; x_wconf 82' lang='lat' dir='ltr'>editione</span> <span class='ocrx_word' id='word_1_85' title='bbox 725 1279 943 1354; x_wconf 86' lang='lat' dir='ltr'>proposuerat,</span> <span class='ocrx_word' id='word_1_86' title='bbox 957 1271 1121 1337; x_wconf 91' lang='lat' dir='ltr'>notitiam:</span> <span class='ocrx_word' id='word_1_87' title='bbox 1144 1288 1254 1352; x_wconf 89' lang='lat' dir='ltr'>quam·</span> 
     </span>
     <span class='ocr_line' id='line_1_11' title="bbox 76 1379 1254 1465; baseline -0.003 -19"><span class='ocrx_word' id='word_1_88' title='bbox 76 1400 175 1463; x_wconf 90' lang='lat' dir='ltr'>quam</span> <span class='ocrx_word' id='word_1_89' title='bbox 200 1388 324 1448; x_wconf 88' lang='lat' dir='ltr'>constat</span> <span class='ocrx_word' id='word_1_90' title='bbox 346 1401 405 1448; x_wconf 90' lang='lat' dir='ltr'>non</span> <span class='ocrx_word' id='word_1_91' title='bbox 429 1402 552 1449; x_wconf 89' lang='lat' dir='ltr'>omnem</span> <span class='ocrx_word' id='word_1_92' title='bbox 575 1421 634 1465; x_wconf 92' lang='lat'>-,</span> <span class='ocrx_word' id='word_1_93' title='bbox 662 1403 736 1449; x_wconf 89' lang='lat' dir='ltr'>nam</span> <span class='ocrx_word' id='word_1_94' title='bbox 768 1384 865 1448; x_wconf 92' lang='lat' dir='ltr'>etiam</span> <span class='ocrx_word' id='word_1_95' title='bbox 894 1402 952 1465; x_wconf 92' lang='lat' dir='ltr'>per</span> <span class='ocrx_word' id='word_1_96' title='bbox 982 1382 1061 1447; x_wconf 91' lang='lat' dir='ltr'>alios</span> <span class='ocrx_word' id='word_1_97' title='bbox 1084 1379 1254 1461; x_wconf 90' lang='lat' dir='ltr'>discipulos</span> 
     </span>
     <span class='ocr_line' id='line_1_12' title="bbox 74 1491 1254 1576; baseline -0.001 -21"><span class='ocrx_word' id='word_1_98' title='bbox 74 1497 223 1558; x_wconf 87' lang='lat' dir='ltr'>mutatae</span> <span class='ocrx_word' id='word_1_99' title='bbox 245 1495 423 1574; x_wconf 88' lang='lat' dir='ltr'>scripturae</span> <span class='ocrx_word' id='word_1_100' title='bbox 446 1493 582 1576; x_wconf 90' lang='lat' dir='ltr'>Didymo</span> <span class='ocrx_word' id='word_1_101' title='bbox 609 1496 815 1561; x_wconf 91' lang='lat' dir='ltr'>innotuerunt</span> <span class='ocrx_word' id='word_1_102' title='bbox 829 1499 868 1574; x_wconf 86' lang='grc'>1).</span> <span class='ocrx_word' id='word_1_103' title='bbox 912 1513 968 1559; x_wconf 89' lang='grc'>000</span> <span class='ocrx_word' id='word_1_104' title='bbox 998 1493 1101 1557; x_wconf 88' lang='lat' dir='ltr'>minus</span> <span class='ocrx_word' id='word_1_105' title='bbox 1130 1491 1254 1556; x_wconf 80' lang='lat' dir='ltr'>Aristo-</span> 
     </span>
     <span class='ocr_line' id='line_1_13' title="bbox 77 1602 1255 1686; baseline -0.002 -19"><span class='ocrx_word' id='word_1_106' title='bbox 77 1604 171 1669; x_wconf 89' lang='lat' dir='ltr'>nicus</span> <span class='ocrx_word' id='word_1_107' title='bbox 192 1622 265 1672; x_wconf 88' lang='lat' dir='ltr'>eum</span> <span class='ocrx_word' id='word_1_108' title='bbox 287 1605 460 1684; x_wconf 88' lang='lat' dir='ltr'>consuluit,</span> <span class='ocrx_word' id='word_1_109' title='bbox 483 1606 597 1670; x_wconf 91' lang='lat' dir='ltr'>etenim</span> <span class='ocrx_word' id='word_1_110' title='bbox 621 1624 657 1670; x_wconf 91' lang='lat' dir='ltr'>eo</span> <span class='ocrx_word' id='word_1_111' title='bbox 680 1606 747 1671; x_wconf 92' lang='lat' dir='ltr'>sine</span> <span class='ocrx_word' id='word_1_112' title='bbox 769 1605 866 1670; x_wconf 94' lang='lat' dir='ltr'>dubio</span> <span class='ocrx_word' id='word_1_113' title='bbox 888 1607 1022 1672; x_wconf 87' lang='lat' dir='ltr'>redeunt</span> <span class='ocrx_word' id='word_1_114' title='bbox 1043 1623 1124 1686; x_wconf 89' lang='lat' dir='ltr'>quae</span> <span class='ocrx_word' id='word_1_115' title='bbox 1145 1602 1255 1684; x_wconf 82' lang='lat' dir='ltr'>legun-</span> 
     </span>
     <span class='ocr_line' id='line_1_14' title="bbox 75 1709 1255 1800; baseline -0.005 -20"><span class='ocrx_word' id='word_1_116' title='bbox 75 1721 132 1780; x_wconf 85' lang='lat' dir='ltr'>tur</span> <span class='ocrx_word' id='word_1_117' title='bbox 162 1715 261 1780; x_wconf 84' lang='grc'><strong>001101.</strong></span> <span class='ocrx_word' id='word_1_118' title='bbox 292 1721 325 1780; x_wconf 88' lang='lat' dir='ltr'><strong><em>K</em></strong></span> <span class='ocrx_word' id='word_1_119' title='bbox 353 1717 416 1782; x_wconf 82' lang='lat'>398</span> <span class='ocrx_word' id='word_1_120' title='bbox 444 1709 632 1800; x_wconf 79' lang='grc' dir='ltr'><strong><em>Ἀμμώνιος</em></strong></span> <span class='ocrx_word' id='word_1_121' title='bbox 656 1713 693 1780; x_wconf 78' lang='grc' dir='ltr'>δὲ</span> <span class='ocrx_word' id='word_1_122' title='bbox 723 1709 1005 1800; x_wconf 50' lang='lat' dir='ltr'>taeterrimam</span> <span class='ocrx_word' id='word_1_123' title='bbox 1036 1715 1166 1797; x_wconf 68' lang='grc' dir='ltr'><em>πρῶτον</em></span> <span class='ocrx_word' id='word_1_124' title='bbox 1195 1709 1255 1795; x_wconf 78' lang='grc' dir='ltr'>μὲν</span> 
     </span>
     <span class='ocr_line' id='line_1_15' title="bbox 79 1815 1256 1912; baseline -0.003 -24"><span class='ocrx_word' id='word_1_125' title='bbox 79 1828 238 1910; x_wconf 80' lang='grc' dir='ltr'><em>στιγμαῖς</em></span> <span class='ocrx_word' id='word_1_126' title='bbox 262 1845 342 1911; x_wconf 80' lang='grc' dir='ltr'><em>φησι</em></span> <span class='ocrx_word' id='word_1_127' title='bbox 366 1824 422 1892; x_wconf 80' lang='grc' dir='ltr'>τὸν</span> <span class='ocrx_word' id='word_1_128' title='bbox 442 1820 657 1912; x_wconf 72' lang='grc' dir='ltr'><strong><em>Ἀρίσταρχον</em></strong></span> <span class='ocrx_word' id='word_1_129' title='bbox 674 1822 1027 1912; x_wconf 74' lang='grc' dir='ltr'><strong><em>παρασημειώσασθαι,</em></strong></span> <span class='ocrx_word' id='word_1_130' title='bbox 1055 1815 1127 1888; x_wconf 80' lang='grc' dir='ltr'><strong><em>εἶτα</em></strong></span> <span class='ocrx_word' id='word_1_131' title='bbox 1148 1819 1256 1888; x_wconf 80' lang='grc' dir='ltr'><strong><em>δὲκαὶ</em></strong></span> 
     </span>
     <span class='ocr_line' id='line_1_16' title="bbox 79 1934 354 2018; baseline 0.007 -18"><span class='ocrx_word' id='word_1_132' title='bbox 79 1934 205 2001; x_wconf 63' lang='lat' dir='ltr'>allana</span> <span class='ocrx_word' id='word_1_133' title='bbox 224 1935 354 2018; x_wconf 79' lang='grc' dir='ltr'>ἐξελεῖν.</span> 
     </span>
    </p>

    <p class='ocr_par' dir='ltr' id='par_1_3' title="bbox 79 2038 1255 2350">
     <span class='ocr_line' id='line_1_17' title="bbox 164 2038 1255 2134; baseline -0.005 -21"><span class='ocrx_word' id='word_1_134' title='bbox 164 2055 332 2130; x_wconf 87' lang='lat' dir='ltr'>praeterea</span> <span class='ocrx_word' id='word_1_135' title='bbox 346 2050 426 2114; x_wconf 91' lang='lat' dir='ltr'>duos</span> <span class='ocrx_word' id='word_1_136' title='bbox 441 2049 599 2115; x_wconf 85' lang='lat' dir='ltr'>Ammonii</span> <span class='ocrx_word' id='word_1_137' title='bbox 612 2049 710 2116; x_wconf 91' lang='lat' dir='ltr'>libros</span> <span class='ocrx_word' id='word_1_138' title='bbox 725 2051 882 2134; x_wconf 88' lang='lat' dir='ltr'>Didymus</span> <span class='ocrx_word' id='word_1_139' title='bbox 897 2051 1024 2115; x_wconf 89' lang='lat' dir='ltr'>laudat:</span> <span class='ocrx_word' id='word_1_140' title='bbox 1048 2043 1129 2132; x_wconf 80' lang='grc' dir='ltr'><strong><em>πρὸς</em></strong></span> <span class='ocrx_word' id='word_1_141' title='bbox 1147 2038 1255 2128; x_wconf 68' lang='grc' dir='ltr'><em>Ἀθη-</em></span> 
     </span>
     <span class='ocr_line' id='line_1_18' title="bbox 79 2156 1253 2244; baseline -0.003 -21"><span class='ocrx_word' id='word_1_142' title='bbox 79 2157 239 2244; x_wconf 59' lang='lat' dir='ltr'>amatim)</span> <span class='ocrx_word' id='word_1_143' title='bbox 263 2156 454 2244; x_wconf 81' lang='grc' dir='ltr'><em>σύγγραμμα</em></span> <span class='ocrx_word' id='word_1_144' title='bbox 476 2161 572 2228; x_wconf 91' lang='lat' dir='ltr'>schol.</span> <span class='ocrx_word' id='word_1_145' title='bbox 602 2166 641 2225; x_wconf 89' lang='lat' dir='ltr'><strong><em>H</em></strong></span> <span class='ocrx_word' id='word_1_146' title='bbox 658 2163 676 2226; x_wconf 82' lang='lat' dir='ltr'>l</span> <span class='ocrx_word' id='word_1_147' title='bbox 700 2168 732 2228; x_wconf 88' lang='lat' dir='ltr'>et</span> <span class='ocrx_word' id='word_1_148' title='bbox 754 2167 784 2226; x_wconf 91' lang='grc' dir='ltr'>Γ</span> <span class='ocrx_word' id='word_1_149' title='bbox 801 2162 863 2228; x_wconf 87' lang='grc'>368</span> <span class='ocrx_word' id='word_1_150' title='bbox 877 2161 927 2242; x_wconf 76' lang='lat'>³),</span> <span class='ocrx_word' id='word_1_151' title='bbox 949 2161 1004 2244; x_wconf 91' lang='lat' dir='ltr'>qui</span> <span class='ocrx_word' id='word_1_152' title='bbox 1025 2166 1059 2225; x_wconf 89' lang='lat' dir='ltr'>et</span> <span class='ocrx_word' id='word_1_153' title='bbox 1080 2159 1148 2241; x_wconf 89' lang='lat' dir='ltr'>ipse</span> <span class='ocrx_word' id='word_1_154' title='bbox 1165 2156 1253 2236; x_wconf 90' lang='lat' dir='ltr'>liber,</span> 
     </span>
     <span class='ocr_line' id='line_1_19' title="bbox 80 2269 1254 2350; baseline -0.004 -15"><span class='ocrx_word' id='word_1_155' title='bbox 80 2273 107 2336; x_wconf 90' lang='lat' dir='ltr'>si</span> <span class='ocrx_word' id='word_1_156' title='bbox 131 2291 149 2335; x_wconf 91' lang='lat' dir='ltr'>e</span> <span class='ocrx_word' id='word_1_157' title='bbox 171 2272 294 2338; x_wconf 88' lang='lat' dir='ltr'>duobus</span> <span class='ocrx_word' id='word_1_158' title='bbox 315 2274 366 2338; x_wconf 93' lang='lat' dir='ltr'>his</span> <span class='ocrx_word' id='word_1_159' title='bbox 389 2273 465 2339; x_wconf 90' lang='lat' dir='ltr'>locis</span> <span class='ocrx_word' id='word_1_160' title='bbox 488 2278 612 2338; x_wconf 90' lang='lat' dir='ltr'>tanturn</span> <span class='ocrx_word' id='word_1_161' title='bbox 634 2291 756 2338; x_wconf 90' lang='lat' dir='ltr'>sumere</span> <span class='ocrx_word' id='word_1_162' title='bbox 778 2273 868 2350; x_wconf 90' lang='lat' dir='ltr'>licet,</span> <span class='ocrx_word' id='word_1_163' title='bbox 896 2274 929 2337; x_wconf 91' lang='lat' dir='ltr'>in</span> <span class='ocrx_word' id='word_1_164' title='bbox 960 2277 1028 2336; x_wconf 89' lang='lat' dir='ltr'>arte</span> <span class='ocrx_word' id='word_1_165' title='bbox 1050 2269 1161 2334; x_wconf 90' lang='lat' dir='ltr'>critica</span> <span class='ocrx_word' id='word_1_166' title='bbox 1184 2286 1254 2332; x_wconf 90' lang='lat' dir='ltr'>ver-</span> 
     </span>
    </p>
   </div>
   <div class='ocr_carea' id='block_1_3' title="bbox 79 2376 1353 2799">
    <p class='ocr_par' dir='ltr' id='par_1_4' title="bbox 79 2376 1353 2799">
     <span class='ocr_line' id='line_1_20' title="bbox 81 2376 1252 2469; baseline -0.004 -22"><span class='ocrx_word' id='word_1_167' title='bbox 81 2389 171 2448; x_wconf 87' lang='lat' dir='ltr'>satus</span> <span class='ocrx_word' id='word_1_168' title='bbox 194 2385 301 2464; x_wconf 72' lang='lat' dir='ltr'>est⁴);</span> <span class='ocrx_word' id='word_1_169' title='bbox 324 2389 358 2448; x_wconf 90' lang='lat' dir='ltr'>et</span> <span class='ocrx_word' id='word_1_170' title='bbox 379 2381 457 2468; x_wconf 80' lang='grc' dir='ltr'><em>περὶ</em></span> <span class='ocrx_word' id='word_1_171' title='bbox 478 2382 542 2446; x_wconf 80' lang='grc' dir='ltr'>τῶν</span> <span class='ocrx_word' id='word_1_172' title='bbox 563 2379 629 2448; x_wconf 75' lang='lat' dir='ltr'>brari</span> <span class='ocrx_word' id='word_1_173' title='bbox 651 2377 828 2458; x_wconf 78' lang='grc' dir='ltr'><em>Πλάτωνος</em></span> <span class='ocrx_word' id='word_1_174' title='bbox 850 2377 1121 2469; x_wconf 74' lang='grc' dir='ltr'><em>μετενηνεγμὲνων</em></span> <span class='ocrx_word' id='word_1_175' title='bbox 1143 2376 1179 2459; x_wconf 78' lang='grc' dir='ltr'>ἐξ</span> <span class='ocrx_word' id='word_1_176' title='bbox 1206 2378 1252 2442; x_wconf 91' lang='grc' dir='ltr'>Ο-</span> 
     </span>
     <span class='ocr_line' id='line_1_21' title="bbox 79 2488 1254 2580; baseline -0.004 -23"><span class='ocrx_word' id='word_1_177' title='bbox 79 2488 183 2580; x_wconf 78' lang='grc' dir='ltr'><strong><em>μήρου</em></strong></span> <span class='ocrx_word' id='word_1_178' title='bbox 205 2492 314 2576; x_wconf 89' lang='lat' dir='ltr'>(schol.</span> <span class='ocrx_word' id='word_1_179' title='bbox 336 2495 462 2577; x_wconf 82' lang='lat'>1540),</span> <span class='ocrx_word' id='word_1_180' title='bbox 484 2514 565 2578; x_wconf 91' lang='lat' dir='ltr'>quae</span> <span class='ocrx_word' id='word_1_181' title='bbox 587 2496 663 2576; x_wconf 88' lang='lat' dir='ltr'>quid</span> <span class='ocrx_word' id='word_1_182' title='bbox 686 2495 746 2559; x_wconf 92' lang='lat' dir='ltr'>sibi</span> <span class='ocrx_word' id='word_1_183' title='bbox 768 2493 894 2576; x_wconf 86' lang='lat' dir='ltr'>vellent,</span> <span class='ocrx_word' id='word_1_184' title='bbox 916 2499 1083 2575; x_wconf 89' lang='lat' dir='ltr'>postquam</span> <span class='ocrx_word' id='word_1_185' title='bbox 1098 2496 1185 2556; x_wconf 89' lang='lat' dir='ltr'>recte</span> <span class='ocrx_word' id='word_1_186' title='bbox 1207 2490 1254 2553; x_wconf 96' lang='lat' dir='ltr'>in-</span> 
     </span>
     <span class='ocr_line' id='line_1_22' title="bbox 81 2601 1353 2686; baseline 0.002 -18"><span class='ocrx_word' id='word_1_187' title='bbox 81 2605 202 2669; x_wconf 89' lang='lat' dir='ltr'>dicavit</span> <span class='ocrx_word' id='word_1_188' title='bbox 224 2605 385 2683; x_wconf 91' lang='lat' dir='ltr'>Lehrsius,</span> <span class='ocrx_word' id='word_1_189' title='bbox 408 2607 463 2670; x_wconf 83' lang='lat' dir='ltr'>Ar.</span> <span class='ocrx_word' id='word_1_190' title='bbox 485 2625 516 2686; x_wconf 90' lang='lat' dir='ltr'>p.</span> <span class='ocrx_word' id='word_1_191' title='bbox 532 2608 571 2672; x_wconf 89' lang='lat'>31</span> <span class='ocrx_word' id='word_1_192' title='bbox 596 2625 625 2670; x_wconf 91' lang='lat' dir='ltr'>n.</span> <span class='ocrx_word' id='word_1_193' title='bbox 643 2609 671 2686; x_wconf 85' lang='lat'>1,</span> <span class='ocrx_word' id='word_1_194' title='bbox 694 2605 873 2671; x_wconf 90' lang='lat' dir='ltr'>Becoardus</span> <span class='ocrx_word' id='word_1_195' title='bbox 896 2602 1055 2668; x_wconf 85' lang='lat' dir='ltr'>dubitavit</span> <span class='ocrx_word' id='word_1_196' title='bbox 1077 2601 1109 2680; x_wconf 83' lang='lat' dir='ltr'>(l.</span> <span class='ocrx_word' id='word_1_197' title='bbox 1125 2601 1171 2684; x_wconf 90' lang='lat' dir='ltr'>l),</span> <span class='ocrx_word' id='word_1_198' title='bbox 1196 2602 1253 2664; x_wconf 91' lang='lat' dir='ltr'>du·</span> <span class='ocrx_word' id='word_1_199' title='bbox 1338 2619 1353 2670; x_wconf 65' lang='lat' dir='ltr'><strong><em>s</em></strong></span> 
     </span>
     <span class='ocr_line' id='line_1_23' title="bbox 81 2711 1253 2799; baseline -0.002 -21"><span class='ocrx_word' id='word_1_200' title='bbox 81 2715 268 2780; x_wconf 88' lang='lat' dir='ltr'>bitationem</span> <span class='ocrx_word' id='word_1_201' title='bbox 291 2715 421 2782; x_wconf 89' lang='lat' dir='ltr'>sustulit</span> <span class='ocrx_word' id='word_1_202' title='bbox 444 2716 695 2799; x_wconf 86' lang='lat' dir='ltr'>Sengebuschius</span> <span class='ocrx_word' id='word_1_203' title='bbox 719 2719 751 2781; x_wconf 91' lang='grc'>10</span> <span class='ocrx_word' id='word_1_204' title='bbox 773 2714 882 2782; x_wconf 86' lang='lat' dir='ltr'>Jahnii</span> <span class='ocrx_word' id='word_1_205' title='bbox 904 2715 983 2779; x_wconf 81' lang='lat' dir='ltr'>Ann.</span> <span class='ocrx_word' id='word_1_206' title='bbox 1000 2713 1120 2778; x_wconf 86' lang='lat' dir='ltr'>LXVII</span> <span class='ocrx_word' id='word_1_207' title='bbox 1144 2731 1174 2791; x_wconf 92' lang='lat' dir='ltr'>p.</span> <span class='ocrx_word' id='word_1_208' title='bbox 1190 2711 1253 2776; x_wconf 78' lang='lat'>249</span> 
     </span>
    </p>
   </div>
   <div class='ocr_carea' id='block_1_4' title="bbox 82 2936 1255 4142">
    <p class='ocr_par' dir='ltr' id='par_1_5' title="bbox 82 2936 1254 3101">
     <span class='ocr_line' id='line_1_24' title="bbox 169 2936 1254 3018; baseline -0.006 -20"><span class='ocrx_word' id='word_1_209' title='bbox 169 2944 202 3017; x_wconf 88' lang='lat'>1)</span> <span class='ocrx_word' id='word_1_210' title='bbox 225 2947 258 3000; x_wconf 90' lang='lat' dir='ltr'>ut</span> <span class='ocrx_word' id='word_1_211' title='bbox 279 2961 332 3016; x_wconf 90' lang='lat' dir='ltr'>per</span> <span class='ocrx_word' id='word_1_212' title='bbox 354 2941 530 3018; x_wconf 87' lang='lat' dir='ltr'>Dionysium</span> <span class='ocrx_word' id='word_1_213' title='bbox 548 2941 688 3002; x_wconf 76' lang='lat' dir='ltr'>Thracem</span> <span class='ocrx_word' id='word_1_214' title='bbox 711 2941 802 3000; x_wconf 88' lang='lat' dir='ltr'>schol.</span> <span class='ocrx_word' id='word_1_215' title='bbox 830 2942 859 2996; x_wconf 92' lang='grc' dir='ltr'><em>Σ</em></span> <span class='ocrx_word' id='word_1_216' title='bbox 881 2941 950 3010; x_wconf 82' lang='lat' dir='ltr'>aot,</span> <span class='ocrx_word' id='word_1_217' title='bbox 974 2938 1149 3015; x_wconf 89' lang='lat' dir='ltr'>Dionysium</span> <span class='ocrx_word' id='word_1_218' title='bbox 1172 2936 1254 2993; x_wconf 84' lang='lat' dir='ltr'>Sido-</span> 
     </span>
     <span class='ocr_line' id='line_1_25' title="bbox 82 3043 306 3101; baseline 0 -1"><span class='ocrx_word' id='word_1_219' title='bbox 82 3044 163 3101; x_wconf 90' lang='lat' dir='ltr'>nium</span> <span class='ocrx_word' id='word_1_220' title='bbox 191 3043 218 3099; x_wconf 88' lang='grc' dir='ltr'><strong><em>Τ</em></strong></span> <span class='ocrx_word' id='word_1_221' title='bbox 236 3045 306 3100; x_wconf 83' lang='grc'><strong>865.</strong></span> 
     </span>
    </p>

    <p class='ocr_par' dir='ltr' id='par_1_6' title="bbox 82 3139 1252 3326">
     <span class='ocr_line' id='line_1_26' title="bbox 170 3139 1252 3223; baseline -0.005 -21"><span class='ocrx_word' id='word_1_222' title='bbox 170 3146 202 3222; x_wconf 83' lang='grc'>2)</span> <span class='ocrx_word' id='word_1_223' title='bbox 224 3145 288 3203; x_wconf 86' lang='grc'><strong>1000</strong></span> <span class='ocrx_word' id='word_1_224' title='bbox 309 3145 452 3206; x_wconf 84' lang='lat' dir='ltr'>Zenodoti</span> <span class='ocrx_word' id='word_1_225' title='bbox 467 3155 518 3206; x_wconf 91' lang='lat' dir='ltr'>aut</span> <span class='ocrx_word' id='word_1_226' title='bbox 538 3147 745 3223; x_wconf 82' lang='lat' dir='ltr'>Aristophanis</span> <span class='ocrx_word' id='word_1_227' title='bbox 760 3145 818 3204; x_wconf 85' lang='grc'><strong>1011</strong></span> <span class='ocrx_word' id='word_1_228' title='bbox 832 3142 1042 3220; x_wconf 84' lang='lat' dir='ltr'>adstipulator?</span> <span class='ocrx_word' id='word_1_229' title='bbox 1065 3140 1154 3200; x_wconf 85' lang='lat' dir='ltr'>schol.</span> <span class='ocrx_word' id='word_1_230' title='bbox 1175 3140 1199 3195; x_wconf 91' lang='lat' dir='ltr'>Z</span> <span class='ocrx_word' id='word_1_231' title='bbox 1216 3139 1252 3197; x_wconf 84' lang='lat'>71</span> 
     </span>
     <span class='ocr_line' id='line_1_27' title="bbox 82 3247 452 3326; baseline 0.003 -19"><span class='ocrx_word' id='word_1_232' title='bbox 82 3248 202 3307; x_wconf 78' lang='lat' dir='ltr'>Chaonis</span> <span class='ocrx_word' id='word_1_233' title='bbox 224 3247 252 3305; x_wconf 92' lang='lat' dir='ltr'>ei</span> <span class='ocrx_word' id='word_1_234' title='bbox 274 3247 452 3326; x_wconf 86' lang='lat' dir='ltr'>obloquitur.</span> 
     </span>
    </p>

    <p class='ocr_par' dir='ltr' id='par_1_7' title="bbox 84 3345 1255 3939">
     <span class='ocr_line' id='line_1_28' title="bbox 170 3345 1254 3428; baseline -0.007 -20"><span class='ocrx_word' id='word_1_235' title='bbox 170 3351 201 3428; x_wconf 89' lang='grc'>3)</span> <span class='ocrx_word' id='word_1_236' title='bbox 224 3350 344 3428; x_wconf 87' lang='lat' dir='ltr'>Didymi</span> <span class='ocrx_word' id='word_1_237' title='bbox 367 3353 422 3410; x_wconf 92' lang='lat' dir='ltr'>hoc</span> <span class='ocrx_word' id='word_1_238' title='bbox 446 3353 535 3412; x_wconf 85' lang='lat' dir='ltr'>schol.</span> <span class='ocrx_word' id='word_1_239' title='bbox 559 3371 622 3412; x_wconf 81' lang='lat' dir='ltr'>erae</span> <span class='ocrx_word' id='word_1_240' title='bbox 645 3350 816 3410; x_wconf 90' lang='lat' dir='ltr'>crediderim</span> <span class='ocrx_word' id='word_1_241' title='bbox 833 3351 869 3408; x_wconf 94' lang='lat' dir='ltr'>ob</span> <span class='ocrx_word' id='word_1_242' title='bbox 891 3350 983 3424; x_wconf 87' lang='lat' dir='ltr'>ipsam</span> <span class='ocrx_word' id='word_1_243' title='bbox 1008 3347 1070 3406; x_wconf 91' lang='lat' dir='ltr'>eius</span> <span class='ocrx_word' id='word_1_244' title='bbox 1092 3345 1161 3403; x_wconf 88' lang='lat' dir='ltr'>libri</span> <span class='ocrx_word' id='word_1_245' title='bbox 1184 3345 1254 3402; x_wconf 87' lang='lat' dir='ltr'>cita-</span> 
     </span>
     <span class='ocr_line' id='line_1_29' title="bbox 84 3446 1253 3532; baseline -0.007 -21"><span class='ocrx_word' id='word_1_246' title='bbox 84 3455 211 3525; x_wconf 90' lang='lat' dir='ltr'>tionem,</span> <span class='ocrx_word' id='word_1_247' title='bbox 241 3473 418 3532; x_wconf 89' lang='lat' dir='ltr'>quamquam</span> <span class='ocrx_word' id='word_1_248' title='bbox 449 3455 574 3512; x_wconf 87' lang='lat' dir='ltr'>offendit</span> <span class='ocrx_word' id='word_1_249' title='bbox 603 3446 649 3510; x_wconf 80' lang='lat' dir='ltr'>r&#39;r&#39;rr</span> <span class='ocrx_word' id='word_1_250' title='bbox 682 3471 739 3531; x_wconf 92' lang='lat' dir='ltr'>quo</span> <span class='ocrx_word' id='word_1_251' title='bbox 769 3451 882 3527; x_wconf 92' lang='lat' dir='ltr'>incipit.</span> <span class='ocrx_word' id='word_1_252' title='bbox 922 3457 1051 3510; x_wconf 85' lang='lat' dir='ltr'>cetorum</span> <span class='ocrx_word' id='word_1_253' title='bbox 1082 3469 1110 3507; x_wconf 86' lang='lat' dir='ltr'>v.</span> <span class='ocrx_word' id='word_1_254' title='bbox 1142 3447 1253 3516; x_wconf 86' lang='lat' dir='ltr'>Lehrs,</span> 
     </span>
     <span class='ocr_line' id='line_1_30' title="bbox 87 3543 1255 3633; baseline -0.006 -20"><span class='ocrx_word' id='word_1_255' title='bbox 87 3556 196 3614; x_wconf 88' lang='lat' dir='ltr'>Herod.</span> <span class='ocrx_word' id='word_1_256' title='bbox 220 3575 274 3614; x_wconf 89' lang='lat' dir='ltr'>scr.</span> <span class='ocrx_word' id='word_1_257' title='bbox 298 3556 356 3614; x_wconf 86' lang='lat' dir='ltr'>tria</span> <span class='ocrx_word' id='word_1_258' title='bbox 378 3558 490 3614; x_wconf 87' lang='lat' dir='ltr'>emend.</span> <span class='ocrx_word' id='word_1_259' title='bbox 514 3575 541 3632; x_wconf 89' lang='lat' dir='ltr'>p.</span> <span class='ocrx_word' id='word_1_260' title='bbox 566 3561 642 3614; x_wconf 80' lang='lat'>455:</span> <span class='ocrx_word' id='word_1_261' title='bbox 671 3555 746 3627; x_wconf 72' lang='lat' dir='ltr'>„bia</span> <span class='ocrx_word' id='word_1_262' title='bbox 769 3554 899 3633; x_wconf 88' lang='lat' dir='ltr'>inquam,</span> <span class='ocrx_word' id='word_1_263' title='bbox 922 3573 976 3629; x_wconf 92' lang='lat' dir='ltr'>pro</span> <span class='ocrx_word' id='word_1_264' title='bbox 999 3543 1109 3624; x_wconf 84' lang='grc' dir='ltr'>ὁμοίως</span> <span class='ocrx_word' id='word_1_265' title='bbox 1130 3551 1255 3608; x_wconf 86' lang='lat' dir='ltr'>fortasse</span> 
     </span>
     <span class='ocr_line' id='line_1_31' title="bbox 86 3650 1255 3734; baseline -0.006 -18"><span class='ocrx_word' id='word_1_266' title='bbox 86 3658 142 3717; x_wconf 88' lang='grc'><strong>1011</strong></span> <span class='ocrx_word' id='word_1_267' title='bbox 164 3650 279 3729; x_wconf 66' lang='lat' dir='ltr'>privor:</span> <span class='ocrx_word' id='word_1_268' title='bbox 309 3665 437 3717; x_wconf 87' lang='lat' dir='ltr'>attamen</span> <span class='ocrx_word' id='word_1_269' title='bbox 466 3660 523 3718; x_wconf 90' lang='lat' dir='ltr'>hoc</span> <span class='ocrx_word' id='word_1_270' title='bbox 552 3659 714 3728; x_wconf 67' lang='lat' dir='ltr'>incertum</span> <span class='ocrx_word' id='word_1_271' title='bbox 745 3663 775 3715; x_wconf 90' lang='grc'>01</span> <span class='ocrx_word' id='word_1_272' title='bbox 795 3675 889 3734; x_wconf 85' lang='lat' dir='ltr'>aeque</span> <span class='ocrx_word' id='word_1_273' title='bbox 912 3660 989 3714; x_wconf 85' lang='lat' dir='ltr'>certe</span> <span class='ocrx_word' id='word_1_274' title='bbox 1011 3651 1164 3728; x_wconf 88' lang='lat' dir='ltr'>probabile</span> <span class='ocrx_word' id='word_1_275' title='bbox 1187 3656 1255 3709; x_wconf 85' lang='lat' dir='ltr'>ante</span> 
     </span>
     <span class='ocr_line' id='line_1_32' title="bbox 88 3752 1254 3832; baseline -0.008 -14"><span class='ocrx_word' id='word_1_276' title='bbox 88 3761 275 3818; x_wconf 88' lang='lat' dir='ltr'>Ammonium</span> <span class='ocrx_word' id='word_1_277' title='bbox 297 3761 375 3819; x_wconf 88' lang='lat' dir='ltr'>aliud</span> <span class='ocrx_word' id='word_1_278' title='bbox 399 3761 600 3820; x_wconf 89' lang='lat' dir='ltr'>testimonium</span> <span class='ocrx_word' id='word_1_279' title='bbox 623 3759 776 3818; x_wconf 87' lang='lat' dir='ltr'>excidisse.</span> <span class='ocrx_word' id='word_1_280' title='bbox 817 3756 865 3832; x_wconf 90' lang='lat' dir='ltr'>[an</span> <span class='ocrx_word' id='word_1_281' title='bbox 888 3760 924 3817; x_wconf 88' lang='lat' dir='ltr'>ab</span> <span class='ocrx_word' id='word_1_282' title='bbox 948 3754 1116 3814; x_wconf 86' lang='lat' dir='ltr'>Aristonico</span> <span class='ocrx_word' id='word_1_283' title='bbox 1140 3752 1254 3810; x_wconf 83' lang='lat' dir='ltr'>exhibi-</span> 
     </span>
     <span class='ocr_line' id='line_1_33' title="bbox 87 3853 1195 3939; baseline -0.009 -18"><span class='ocrx_word' id='word_1_284' title='bbox 87 3859 186 3938; x_wconf 77' lang='lat' dir='ltr'>tum?].</span> <span class='ocrx_word' id='word_1_285' title='bbox 230 3872 341 3921; x_wconf 88' lang='lat' dir='ltr'>eertum</span> <span class='ocrx_word' id='word_1_286' title='bbox 363 3869 470 3935; x_wconf 86' lang='lat' dir='ltr'>autem,</span> <span class='ocrx_word' id='word_1_287' title='bbox 493 3883 547 3939; x_wconf 90' lang='lat' dir='ltr'>pro</span> <span class='ocrx_word' id='word_1_288' title='bbox 570 3861 718 3935; x_wconf 80' lang='grc' dir='ltr'><strong><em>συναίρων</em></strong></span> <span class='ocrx_word' id='word_1_289' title='bbox 740 3861 925 3920; x_wconf 81' lang='lat' dir='ltr'>scribendum</span> <span class='ocrx_word' id='word_1_290' title='bbox 949 3877 1012 3917; x_wconf 87' lang='grc'><strong>0000</strong></span> <span class='ocrx_word' id='word_1_291' title='bbox 1035 3853 1195 3938; x_wconf 54' lang='grc'><strong>0009110011.</strong></span> 
     </span>
    </p>

    <p class='ocr_par' dir='ltr' id='par_1_8' title="bbox 89 3953 1255 4142">
     <span class='ocr_line' id='line_1_34' title="bbox 171 3953 1255 4040; baseline -0.008 -18"><span class='ocrx_word' id='word_1_292' title='bbox 171 3963 202 4040; x_wconf 87' lang='grc'>4)</span> <span class='ocrx_word' id='word_1_293' title='bbox 225 3965 261 4022; x_wconf 87' lang='lat' dir='ltr'>ad</span> <span class='ocrx_word' id='word_1_294' title='bbox 285 3965 320 4020; x_wconf 89' lang='lat' dir='ltr'><em>H</em></span> <span class='ocrx_word' id='word_1_295' title='bbox 340 3965 356 4021; x_wconf 89' lang='grc'><strong>7</strong></span> <span class='ocrx_word' id='word_1_296' title='bbox 382 3965 598 4024; x_wconf 84' lang='lat' dir='ltr'>Aristarcheam</span> <span class='ocrx_word' id='word_1_297' title='bbox 629 3965 716 4022; x_wconf 87' lang='lat' dir='ltr'>affert</span> <span class='ocrx_word' id='word_1_298' title='bbox 739 3959 947 4040; x_wconf 72' lang='grc' dir='ltr'>(προφέρεται,</span> <span class='ocrx_word' id='word_1_299' title='bbox 978 3962 1013 4019; x_wconf 91' lang='grc'>01.</span> <span class='ocrx_word' id='word_1_300' title='bbox 1036 3959 1127 4018; x_wconf 92' lang='lat' dir='ltr'>schol.</span> <span class='ocrx_word' id='word_1_301' title='bbox 1153 3958 1177 4013; x_wconf 92' lang='lat' dir='ltr'>Z</span> <span class='ocrx_word' id='word_1_302' title='bbox 1201 3953 1255 4037; x_wconf 81' lang='lat' dir='ltr'>tc)</span> 
     </span>
     <span class='ocr_line' id='line_1_35' title="bbox 89 4052 1255 4142; baseline -0.007 -19"><span class='ocrx_word' id='word_1_303' title='bbox 89 4067 258 4138; x_wconf 65' lang='lat' dir='ltr'>lectionem</span> <span class='ocrx_word' id='word_1_304' title='bbox 284 4067 311 4123; x_wconf 92' lang='grc' dir='ltr'><strong><em>Γ</em></strong></span> <span class='ocrx_word' id='word_1_305' title='bbox 323 4071 383 4124; x_wconf 87' lang='grc'>368</span> <span class='ocrx_word' id='word_1_306' title='bbox 401 4068 530 4142; x_wconf 82' lang='lat' dir='ltr'>praefert</span> <span class='ocrx_word' id='word_1_307' title='bbox 545 4066 718 4142; x_wconf 89' lang='lat' dir='ltr'>scripturam</span> <span class='ocrx_word' id='word_1_308' title='bbox 733 4058 800 4123; x_wconf 78' lang='grc' dir='ltr'>,οὐδ’</span> <span class='ocrx_word' id='word_1_309' title='bbox 821 4058 970 4138; x_wconf 78' lang='grc' dir='ltr'>ἐδάμασσα</span> <span class='ocrx_word' id='word_1_310' title='bbox 989 4083 1042 4138; x_wconf 92' lang='lat' dir='ltr'>pro</span> <span class='ocrx_word' id='word_1_311' title='bbox 1061 4052 1131 4118; x_wconf 78' lang='grc' dir='ltr'><strong>οὐδ’</strong></span> <span class='ocrx_word' id='word_1_312' title='bbox 1149 4052 1255 4135; x_wconf 73' lang='grc' dir='ltr'><strong><em>ἔβαλόν</em></strong></span> 
     </span>
    </p>
   </div>
   <div class='ocr_carea' id='block_1_5' title="bbox 91 4163 1363 4242">
    <p class='ocr_par' dir='ltr' id='par_1_9' title="bbox 91 4163 1363 4242">
     <span class='ocr_line' id='line_1_36' title="bbox 91 4163 1363 4242; baseline -0.006 -18"><span class='ocrx_word' id='word_1_313' title='bbox 91 4189 151 4242; x_wconf 81' lang='grc' dir='ltr'><em>μιν,</em></span> <span class='ocrx_word' id='word_1_314' title='bbox 183 4169 266 4227; x_wconf 85' lang='grc'><strong>00100</strong></span> <span class='ocrx_word' id='word_1_315' title='bbox 295 4175 394 4227; x_wconf 88' lang='lat' dir='ltr'>tamen</span> <span class='ocrx_word' id='word_1_316' title='bbox 424 4189 490 4227; x_wconf 88' lang='lat' dir='ltr'>eum</span> <span class='ocrx_word' id='word_1_317' title='bbox 522 4188 581 4227; x_wconf 92' lang='lat' dir='ltr'>non</span> <span class='ocrx_word' id='word_1_318' title='bbox 613 4187 676 4226; x_wconf 89' lang='lat' dir='ltr'>esse</span> <span class='ocrx_word' id='word_1_319' title='bbox 698 4173 847 4226; x_wconf 86' lang='lat' dir='ltr'>auctorem</span> <span class='ocrx_word' id='word_1_320' title='bbox 869 4168 984 4225; x_wconf 83' lang='lat' dir='ltr'>elucere</span> <span class='ocrx_word' id='word_1_321' title='bbox 1006 4163 1079 4222; x_wconf 92' lang='lat' dir='ltr'>mihi</span> <span class='ocrx_word' id='word_1_322' title='bbox 1101 4163 1257 4221; x_wconf 88' lang='lat' dir='ltr'>videture</span> <span class='ocrx_word' id='word_1_323' title='bbox 1361 4165 1363 4167; x_wconf 81' lang='grc'><strong>’</strong></span> 
     </span>
    </p>
   </div>
   <div class='ocr_carea' id='block_1_6' title="bbox 90 4261 1256 4452">
    <p class='ocr_par' dir='ltr' id='par_1_10' title="bbox 90 4261 1256 4452">
     <span class='ocr_line' id='line_1_37' title="bbox 90 4261 1256 4347; baseline -0.006 -17"><span class='ocrx_word' id='word_1_324' title='bbox 90 4261 246 4346; x_wconf 74' lang='grc' dir='ltr'><strong>000001χο.</strong></span> <span class='ocrx_word' id='word_1_325' title='bbox 291 4271 327 4329; x_wconf 85' lang='grc'>01.</span> <span class='ocrx_word' id='word_1_326' title='bbox 351 4271 454 4330; x_wconf 86' lang='lat' dir='ltr'>Lehrs.</span> <span class='ocrx_word' id='word_1_327' title='bbox 479 4277 530 4330; x_wconf 87' lang='lat' dir='ltr'>Ar.</span> <span class='ocrx_word' id='word_1_328' title='bbox 554 4290 584 4347; x_wconf 93' lang='lat' dir='ltr'>p.</span> <span class='ocrx_word' id='word_1_329' title='bbox 612 4275 649 4327; x_wconf 88' lang='lat'>65</span> <span class='ocrx_word' id='word_1_330' title='bbox 674 4275 733 4328; x_wconf 86' lang='lat' dir='ltr'>not</span> <span class='ocrx_word' id='word_1_331' title='bbox 780 4287 843 4327; x_wconf 87' lang='lat' dir='ltr'>rem</span> <span class='ocrx_word' id='word_1_332' title='bbox 872 4289 931 4326; x_wconf 91' lang='lat' dir='ltr'>non</span> <span class='ocrx_word' id='word_1_333' title='bbox 953 4268 1039 4326; x_wconf 85' lang='lat' dir='ltr'>’video</span> <span class='ocrx_word' id='word_1_334' title='bbox 1062 4285 1114 4325; x_wconf 92' lang='lat' dir='ltr'>cur</span> <span class='ocrx_word' id='word_1_335' title='bbox 1134 4266 1256 4324; x_wconf 89' lang='lat' dir='ltr'>addubi-</span> 
     </span>
     <span class='ocr_line' id='line_1_38' title="bbox 91 4369 1255 4452; baseline -0.003 -20"><span class='ocrx_word' id='word_1_336' title='bbox 91 4379 190 4445; x_wconf 84' lang='lat' dir='ltr'>temus,</span> <span class='ocrx_word' id='word_1_337' title='bbox 214 4374 293 4452; x_wconf 87' lang='lat' dir='ltr'>qnod</span> <span class='ocrx_word' id='word_1_338' title='bbox 314 4373 386 4433; x_wconf 84' lang='lat' dir='ltr'>facit</span> <span class='ocrx_word' id='word_1_339' title='bbox 403 4373 559 4446; x_wconf 86' lang='lat' dir='ltr'>Steinthal,</span> <span class='ocrx_word' id='word_1_340' title='bbox 583 4371 686 4430; x_wconf 85' lang='lat' dir='ltr'>Gasoh.</span> <span class='ocrx_word' id='word_1_341' title='bbox 703 4372 730 4430; x_wconf 91' lang='lat' dir='ltr'>d.</span> <span class='ocrx_word' id='word_1_342' title='bbox 747 4369 1029 4448; x_wconf 82' lang='lat' dir='ltr'>Spraohwissensch.</span> <span class='ocrx_word' id='word_1_343' title='bbox 1051 4387 1080 4446; x_wconf 89' lang='lat' dir='ltr'>p.</span> <span class='ocrx_word' id='word_1_344' title='bbox 1097 4371 1156 4428; x_wconf 84' lang='lat'>457</span> <span class='ocrx_word' id='word_1_345' title='bbox 1180 4390 1210 4429; x_wconf 92' lang='grc'>0.</span> <span class='ocrx_word' id='word_1_346' title='bbox 1227 4375 1255 4428; x_wconf 81' lang='lat'>2.</span> 
     </span>
    </p>
   </div>
   <div class='ocr_carea' id='block_1_7' title="bbox 0 0 1510 4812">
    <p class='ocr_par' dir='ltr' id='par_1_11' title="bbox 0 0 1510 4812">
     <span class='ocr_line' id='line_1_39' title="bbox 0 0 1510 4812; baseline 0 0"><span class='ocrx_word' id='word_1_347' title='bbox 0 0 1510 4812; x_wconf 95' lang='lat' dir='ltr'> </span> 
     </span>
    </p>
   </div>
  </div>
 </body>
</html>
