2962 4812
718 178 929 242 ..4-

234 372 322 438 σοφα
346 345 412 415 aab.
428 350 483 416 ubi
500 349 723 416 Eratosthenis
739 347 921 430 dIsoipulos,
945 367 1002 414 non
1027 347 1204 414 Aristarchi
1228 365 1440 414 commemo-

232 461 297 528 rari
328 466 448 528 certum
471 460 599 526 videtur
620 476 697 524 esse.
742 458 780 524 cl.
802 459 1001 542 Bernhardyi
1029 460 1136 524 adnot.
1182 459 1351 524 Baehrium
1386 460 1437 524 in

232 573 346 655 Paulyi
368 572 435 638 ER.
458 591 484 636 s.
501 589 528 636 a.
552 571 725 636 Menander
749 570 813 652 12).
836 605 879 615 -
900 568 1079 634 Aristarchi
1100 569 1243 652 aequalis
1264 568 1335 650 fuit,
1359 572 1438 634 sed

231 684 408 765 discipulus
429 683 528 748 fuisse
550 682 636 746 nullo
661 682 840 748 tesIImooio
865 680 1013 762 proditur
1034 680 1268 746 Demetrius
1291 680 1403 762 Scep
1420 718 1439 728 -

233 795 340 874 sius,
363 813 456 877 quem
479 793 662 874 nescioquo
683 813 718 858 re
741 791 818 858 moti
834 792 907 856 huie
923 791 1013 872 gregi
1036 791 1238 856 inseruerunt
1253 798 1325 874 post
1343 791 1382 857 G.
1397 793 1438 856 Ι.

232 907 423 986 Vossium1)
446 903 621 982 Fabricius,
646 903 778 983 Schoeh,
794 901 1005 982 Graelenhan‚
1025 901 1233 967 disertissime
1252 903 1437 985 Wegener,

232 1017 280 1080 De
297 1016 381 1082 Aula
395 1014 537 1080 Attalica
558 1034 589 1096 p.
615 1012 674 1080 159
688 1017 729 1094 ²).
773 1015 831 1080 sed
853 1033 882 1078 v.
899 1011 1066 1078 Stiehlium
1091 1015 1122 1078 in
1146 1013 1257 1078 Philol.
1281 1015 1318 1096 V,
1341 1015 1435 1096 528,

234 1125 495 1208 Scbimbergium,
518 1125 674 1190 Analecta
688 1125 894 1190 ArIstarchea
917 1145 947 1206 p.
963 1125 1014 1189 22.
1053 1143 1091 1188 ac
1114 1143 1163 1190 me
1177 1124 1314 1207 quidem,
1337 1145 1433 1208 quo-

234 1239 336 1303 minus
347 1236 544 1302 Demetrium
557 1234 769 1300 Aristarcheis
781 1236 995 1315 adnumerem,
1022 1235 1118 1300 etiam
1142 1236 1295 1302 disertum
1307 1239 1435 1319 prohi-

234 1349 288 1412 bet
312 1346 477 1416 Strabonis
499 1346 673 1423 silentium,
695 1346 748 1428 qui
771 1346 850 1412 illud
872 1366 934 1412 non
957 1346 1101 1412 futurum
1131 1346 1228 1414 fuisse
1262 1355 1299 1414 ut
1320 1349 1432 1414 relio-

234 1467 347 1542 queret
363 1459 624 1536 immemoratum,
646 1455 753 1521 ubido
770 1477 807 1522 eo
820 1457 970 1539 loquitur,
993 1457 1071 1522 XIII
1085 1477 1116 1539 p.
1132 1460 1205 1539 609,
1227 1478 1430 1541 persuasum

234 1571 378 1640 babeam.
392 1607 433 1616 -
443 1567 522 1634 falso
535 1569 650 1634 deinde
661 1567 722 1632 huc
735 1569 928 1634 rettulerunt
945 1569 1101 1634 Ptolem
1111 1587 1184 1633 aen
1194 1587 1225 1634 m
1245 1571 1372 1652 Epith
1384 1593 1432 1637 e-
1469 1593 1470 1622 ι

234 1681 359 1766 tam')
381 1679 556 1760 Fabricius,
580 1678 781 1745 Graefenhan
804 1681 828 1762 I,
851 1682 924 1759 391,
946 1680 1052 1745 Baehr
1074 1681 1106 1745 in
1123 1679 1236 1764 Paulyi
1252 1681 1316 1746 ER.
1338 1701 1364 1747 ι.
1391 1705 1431 1750 v.

235 1793 436 1858 Ptolemaeus
453 1791 519 1874 56).
554 1791 617 1856 lect
603 1796 670 1856 tum
694 1791 776 1856 emm
799 1791 873 1856 olim
897 1791 982 1873 apud
996 1791 1206 1856 Suidamsh
1222 1811 1264 1858 v:
1287 1793 1429 1858 Πτολε-

236 1906 354 1987 μαῖος,
384 1897 623 1990 γραμματικός,
662 1896 680 1966 ὁ
706 1894 879 1987 hannone
915 1899 1065 1988 κληθείς,
1107 1899 1191 1968 διότι
1225 1903 1339 1969 εἵπετο
1369 1909 1470 2030 τῷ

232 2009 448 2100 Ἀριστάρχῳ.
497 2015 581 2097 quod
612 2012 725 2078 εἵπετο
758 2032 829 2079 cum
858 2012 1024 2079 Fabricius
1057 2015 1104 2080 ita
1134 2017 1322 2082 concinnare
1345 2036 1429 2084 curn

238 2118 448 2212 ὁἘπιθέτης
471 2125 533 2192 sibi
556 2125 644 2190 visus
665 2129 765 2205 esset,
797 2129 835 2189 ut
865 2125 924 2189 hoc
955 2143 1012 2206 pro
1044 2126 1224 2192 ‘astitimus'
1257 2130 1430 2211 venderet,

237 2244 322 2302 recte
352 2238 434 2304 vidit
455 2237 604 2318 VilloIso‚
635 2235 759 2316 Proleg.
789 2235 826 2300 Il.
855 2235 954 2318 XXX,
985 2231 1128 2301 ἐπέθετο
1159 2239 1424 2324 rescribendum

238 2351 296 2414 scd
318 2350 416 2415 ceteri
440 2348 599 2414 incuriosa
620 2344 683 2412 fide
706 2345 887 2412 Fabricium
911 2348 1012 2413 secuti
1035 2355 1118 2414 sunt.
1162 2369 1190 2415 v.
1207 2350 1424 2434 Beccardum,
1468 2397 1469 2418 ι

239 2460 286 2524 De
316 2460 445 2526 scholiis
476 2460 507 2525 In
531 2457 660 2524 Homeri
683 2456 816 2522 Iliadem
839 2457 972 2524 Venetis
995 2459 1063 2542 (Α),
1085 2479 1116 2541 p.
1140 2460 1181 2524 62
1212 2479 1280 2544 sqq.
1303 2499 1344 2509 -
1368 2473 1427 2529 at·

238 2589 300 2652 que
328 2577 460 2653 propter
489 2571 622 2637 eundem
655 2568 772 2634 Suidae
805 2569 907 2636 locum
938 2569 1192 2638 Hellanicus
1221 2592 1241 2636 a
1270 2573 1426 2642 FabrIcio

239 2683 367 2749 videtur
382 2683 501 2748 ascitus
517 2699 599 2760 esse;
623 2679 677 2745 ille
689 2680 770 2744 enim
788 2681 828 2743 de
840 2679 1022 2746 Ptolemaeo
1038 2681 1193 2763 Epitheta
1208 2703 1278 2749 cum
1295 2687 1424 2768 pergit:

240 2787 402 2878 ὁιηκηιιόει
424 2789 461 2856 δὲ
485 2786 669 2856 Ἑλλανίκου
691 2793 747 2854 τοῦ
768 2793 1003 2876 γραμματικοῦ.
1025 2829 1065 2838 -
1090 2793 1224 2875 deniquo
1248 2797 1352 2862 nascio
1376 2819 1423 2864 an

240 2902 314 2968 hinc
344 2904 553 2969 removendus
584 2902 628 2967 sit
659 2900 940 2966 Dicaearchus
970 2903 1345 2988 Lacedaemonium
1376 2912 1423 2977 de

241 3032 303 3095 quo
335 3033 525 3096 quamquam
555 3017 677 3080 certum
700 3010 817 3077 Suidae
848 3014 1062 3080 testimonium
1099 3017 1171 3084 hoc:
1205 3013 1422 3104 Δικαίαρχος,

243 3120 524 3208 Λακεδαιμόνιος,
548 3116 788 3211 γραμματικός,
811 3114 973 3212 ἀκροατὴς
990 3118 1222 3214 Ἀριστάρχου,
1246 3129 1324 3195 mihi
1347 3134 1424 3212 qui-

245 3235 317 3300 dem
340 3254 417 3301 vera
439 3236 508 3301 visa
529 3243 580 3301 est
601 3235 759 3300 sententia
782 3253 899 3316 eorum,
931 3236 986 3316 qui
1008 3237 1102 3302 istius
1124 3241 1323 3319 grammatici
1348 3245 1425 3308 Ari-

245 3345 385 3411 starchei
418 3347 609 3412 mentionem
640 3346 763 3411 nonnisi
785 3347 885 3411 errori
909 3346 1026 3429 deberi,
1060 3355 1157 3430 atque
1179 3370 1260 3434 quae
1282 3355 1425 3434 paucula

244 3459 286 3523 ad
318 3475 390 3523 eum
420 3465 549 3538 possent
573 3457 700 3536 reterri,
730 3456 927 3523 celeberrImi
957 3475 1025 3522 esse
1055 3459 1242 3528 Dicaearchi
1271 3463 1424 3532 Messenii

335 3715 368 3796 1)
389 3717 529 3776 dormitat
556 3737 583 3774 v.
613 3717 650 3789 d,
678 3717 722 3774 De
752 3716 857 3776 histor.
889 3717 937 3775 Gr.
969 3737 997 3794 p.
1034 3718 1091 3775 179
1125 3719 1169 3778 ed.
1202 3720 1356 3782 Wcstorm.
1379 3725 1423 3785 ita

246 3821 380 3880 locutus:
414 3818 594 3896 „discipulus
616 3819 642 3876 is
665 3819 792 3878 Cratetis
816 3823 846 3876 et
871 3819 1037 3878 Aristarchi
1060 3820 1134 3893 fnit,
1167 3827 1199 3880 nt
1221 3823 1326 3883 Strabo
1349 3827 1423 3886 dicit

248 3922 330 3981 XIII
352 3943 380 3999 p.
405 3927 474 3995 609,
503 3921 580 3980 unde
604 3921 638 3979 da
669 3925 766 3980 aetate
788 3920 913 4000 quust“.
937 3955 977 3966 -
1001 3923 1128 3983 Cratetis
1150 3925 1223 3985 lacit
1245 3945 1312 3984 eum
1335 3927 1422 3988 disci-

248 4024 351 4102 pulum
373 4025 403 4082 0.
427 4023 536 4083 Miiller
557 4024 648 4082 FHG.
671 4024 723 4096 IV,
748 4028 817 4081 382.

336 4127 368 4207 2)
392 4127 462 4185 huic
491 4147 579 4206 quom
607 4127 720 4184 fontem
754 4126 887 4186 obtrudit
919 4130 954 4186 R.
988 4127 1101 4201 Gaede,
1135 4129 1278 4189 Demetrii
1308 4131 1420 4209 Scepsii

253 4246 328 4308 quae
351 4237 518 4306 supersunt,
540 4234 610 4306 pal
635 4248 663 4286 n.
689 4234 716 4302 5,
738 4228 818 4286 unde
841 4229 923 4302 aciat,
946 4228 1018 4289 mihi
1041 4231 1177 4304 ignotum
1200 4237 1253 4292 est.

338 4331 369 4410 3)
393 4351 416 4390 c.
439 4350 465 4390 a.
492 4331 550 4390 170
574 4351 598 4389 a.
623 4332 690 4390 Chr.
714 4349 780 4390 eum
803 4333 922 4408 reponit
944 4333 1064 4392 Glinton
1088 4334 1119 4392 F.
1144 4335 1181 4393 H.
1204 4335 1263 4404 III,
1289 4340 1359 4394 510.
