2962 4812
722 160 934 227 -..26-

238 347 298 394 non
329 330 440 395 caruit.
475 333 571 412 atque
594 329 845 396 Gracienhanius
867 332 994 414 quidem
1017 348 1147 412 prorsus
1169 330 1204 396 id
1225 334 1419 412 aspernatus

237 458 263 506 o.
285 459 314 504 a.
335 460 365 523 p.
401 441 475 508 Chr.
497 443 539 508 50
574 443 727 524 (Augusti
757 447 789 508 et
816 443 934 510 Tiberii
957 441 1166 528 temporibus)
1196 441 1312 508 vixisse
1345 461 1417 507 eum

237 556 334 632 putat
356 556 391 626 tt.
415 553 431 618 Ι
454 572 484 635 p.
506 553 589 636 418,
612 553 650 619 cf.
672 554 722 618 IlI
744 572 773 636 p.
796 555 846 620 37.
869 553 946 639 332)
973 553 1068 619 nullis
1094 555 1222 636 quidem
1248 553 1306 618 tali
1333 571 1418 618 conr-

237 666 314 745 puto
339 663 531 730 substructis
563 665 768 747 argumentis.
819 665 967 730 similiter
997 665 1035 731 V.
1057 665 1087 730 S.
1113 664 1265 730 Lehrsius
1296 665 1329 730 in
1364 665 1417 728 Ar.

236 793 268 856 p.
291 774 372 840 259:
401 811 468 857 ‚‚-
493 775 685 858 comparatis
713 775 901 858 quibusdam
925 777 1109 858 posterioris
1134 779 1187 856 [sc.
1211 772 1416 856 Aristarcho]

237 885 309 950 aeri
330 885 556 968 grammaticis
584 906 653 953 eum
680 887 759 952 alios
784 885 855 953 dico
881 893 948 952 turn
975 887 1206 970 Tyrannionem
1230 893 1263 952 et
1288 886 1418 951 Ascalo·

237 996 337 1062 nitam
362 997 605 1064 Ptolemaeum.“
630 1035 670 1046 -
708 1001 863 1065 intactum
889 1005 994 1064 tamen
1028 1000 1114 1082 quod
1146 997 1300 1081 Stephani
1333 998 1415 1064 rela-

237 1111 305 1174 tum
321 1113 371 1172 est
385 1108 566 1191 relinquunt
581 1111 760 1176 Beceardus
782 1131 813 1194 p.
834 1112 871 1176 71
898 1115 930 1177 et
957 1111 1003 1176 La
1025 1110 1164 1176 Roobius
1188 1109 1229 1174 Η.
1254 1109 1290 1174 Τ.
1317 1129 1349 1192 p.
1369 1111 1417 1174 72.

323 1239 360 1285 ac
389 1219 526 1302 primum
556 1222 724 1288 dicendum
753 1221 968 1290 Ptolemaeum
999 1222 1219 1290 Gratcteorum
1249 1220 1417 1301 disciplina

159 1372 162 1378 ·
238 1349 299 1394 non
328 1329 426 1396 fuisse
455 1331 601 1398 alienum.
646 1333 730 1415 quod
760 1334 841 1399 enim
873 1352 944 1399 cum
975 1333 1113 1399 Nicanor
1141 1333 1183 1397 ad
1206 1337 1236 1396 Γ
1254 1330 1316 1397 155
1339 1328 1416 1413 περὶ

237 1442 295 1528 τῆς
317 1438 518 1530 Κρατητείσυ
546 1438 702 1531 αἱρέσεως
715 1445 744 1530 ¹)
776 1444 877 1510 tradit
899 1445 1081 1526 scripsisse,
1110 1441 1321 1528 probabiliter
1343 1443 1415 1508 iude

238 1553 339 1618 conici
360 1559 468 1635 potest
489 1555 685 1637 aliquamdiu
708 1575 779 1622 eum
802 1556 949 1640 Pergami
982 1555 1107 1639 degisse
1136 1562 1233 1638 atque
1266 1553 1415 1620 Oratetea

237 1681 330 1729 usum
353 1682 421 1730 esse
443 1663 664 1750 disciplina2).
708 1670 763 1735 sed
786 1673 926 1735 aetatem
949 1668 1017 1733 eius
1045 1669 1073 1733 si
1095 1665 1275 1748 quaerimus
1298 1667 1415 1749 primos

239 1776 415 1842 invenimus
444 1776 499 1858 qui
528 1778 710 1845 testimonia
739 1781 769 1846 ei
799 1777 973 1846 detulerint
994 1777 1182 1844 Nicanorem
1196 1781 1224 1856 ³)
1260 1781 1294 1842 et
1317 1777 1414 1843 Hero·

237 1888 376 1956 diarum.
425 1893 568 1954 attamen
604 1891 637 1954 in
669 1908 706 1955 eo
735 1891 818 1971 quod
857 1909 915 1956 nec
943 1889 1142 1956 Aristonicus
1171 1907 1228 1955 nec
1259 1887 1415 1970 Didymus

239 2001 429 2066 mentionem
463 2001 530 2066 eius
559 1999 718 2082 iecerunt,
748 2021 809 2068 non
833 2001 1027 2068 haerendum
1051 2001 1177 2084 opinor3
1208 2000 1311 2066 omnis
1333 2001 1413 2066 euim

239 2108 306 2175 iere
336 2112 436 2177 nostri
466 2113 626 2178 industria
647 2113 679 2177 in
708 2113 803 2180 rebus
825 2114 1001 2198 prosodicis
1024 2131 1093 2178 curn
1116 2118 1315 2194 versaretur,
1348 2129 1412 2176 cum

241 2219 366 2286 illorum
397 2223 513 2288 studiis
535 2243 648 2306 parum
670 2223 811 2291 habebat
832 2223 1017 2304 affinitatis,
1039 2230 1072 2290 et
1092 2223 1143 2290 rel
1157 2221 1219 2290 ille
1240 2219 1413 2289 Ptolemaei

238 2331 320 2398 liber
341 2351 435 2416 quem
458 2333 557 2400 Suida
574 2340 656 2402 teste
670 2337 799 2418 scripsit
821 2332 899 2420 περὶ
920 2333 978 2424 τῆς
1000 2331 1034 2398 ἒν
1051 2328 1222 2422 Ὀδυσσείᾳ
1238 2326 1412 2418 Ἀριστάρ-

236 2465 294 2524 χρυ
316 2441 527 2534 διορθώσεως
548 2467 606 2530 pro
622 2453 799 2514 ceterorum
812 2449 880 2514 eius
895 2464 1025 2530 operum
1040 2445 1165 2511 ratione
1177 2445 1230 2512 rix
1245 2445 1310 2511 alia
1324 2463 1413 2529 prae·

238 2559 288 2619 ter
310 2555 502 2648 προςῳδικᾶ
523 2560 799 2644 comprehendisse
814 2560 976 2642 putandus
992 2563 1041 2623 est
1052 2556 1094 2640 ⁴).
1125 2556 1199 2622 hinc
1213 2556 1313 2640 igitur
1328 2555 1412 2620 nulla

236 2666 278 2732 ad
301 2673 439 2735 aetatem
470 2671 556 2736 illam
582 2671 735 2737 traditam
765 2671 887 2736 oriatur
908 2667 1098 2748 difficultas,
1128 2672 1234 2734 tamen
1264 2663 1412 2732 nonnulla

237 2775 402 2846 fatendum
419 2783 496 2848 mihi
519 2783 692 2848 occurrisse
707 2777 788 2864 quae
811 2780 1011 2848 offensionem
1027 2779 1225 2862 praeberent.
1257 2777 1411 2843 Herodia-

238 2907 297 2954 nus
326 2892 409 2958 euim
441 2895 537 2960 schol.
567 2898 607 2960 A
629 2894 692 2962 396
724 2893 771 2958 ita
802 2892 960 2977 loquitur:
990 2888 1132 2956 conobro
1155 2884 1173 2953 ὁ
1198 2883 1412 2978 Ἀρίσταρχος

328 3098 358 3178 1)
382 3103 418 3161 of.
442 3088 600 3179 cherier.
628 3103 708 3164 Aula
729 3102 821 3162 Attal.
853 3123 881 3180 p.
906 3106 975 3162 153.
997 3133 1040 3144 -
1062 3117 1162 3160 amare
1191 3099 1267 3160 mihi
1296 3098 1411 3161 ridetur

238 3202 416 3282 Bernhardy
445 3205 497 3285 qui
527 3206 617 3284 (Hiat.
649 3206 694 3266 lit.
725 3226 768 3281 gr.
790 3206 875 3282 Hp.
903 3203 974 3281 113)
996 3203 1199 3264 Ptolemaeum
1225 3201 1411 3280 impugnasse

239 3309 341 3365 censet
361 3305 413 3366 illo
435 3307 513 3368 libro
535 3309 666 3370 scholam
688 3309 831 3370 Cratetis:
852 3307 906 3366 tali
929 3307 1008 3368 enim
1030 3325 1120 3366 sensu
1141 3312 1316 3383 usurpatum
1336 3305 1411 3362 foret

237 3398 340 3485 ’πρόςῖ
386 3411 423 3470 cf.
446 3411 476 3470 0.
499 3411 705 3472 Waohsmuth.
735 3411 783 3472 Da
806 3412 924 3470 Gratata
946 3408 1071 3469 Malloia
1092 3427 1121 3485 p.
1146 3413 1163 3466 8
1187 3427 1217 3468 n.
1243 3412 1274 3467 l:
1295 3406 1409 3482 „Ptole-

238 3531 339 3571 maeus
360 3513 533 3574 Ascalonita
555 3511 588 3573 ἒν
609 3516 651 3596 τῷ
677 3510 820 3592 περὶτῆς
843 3510 1028 3592 Κρατητεῐου
1050 3505 1189 3590 αἱρέσεως
1211 3508 1304 3570 schol.
1335 3509 1354 3566 Ι
1374 3511 1407 3567 55

241 3613 313 3695 [sio]
336 3635 354 3674 a
377 3636 502 3696 quorum
524 3617 659 3694 partibus
682 3615 808 3690 steterit,
830 3636 891 3675 non
912 3615 1036 3694 liquet“.

325 3701 358 3796 2)
380 3719 444 3781 sire
472 3725 559 3779 antea
586 3727 673 3798 putas
705 3720 768 3782 siva
799 3724 903 3796 postea
930 3735 1020 3798 quam
1048 3715 1249 3776 Alexandriae
1278 3719 1408 3776 versatus

239 3828 300 3882 est:
332 3823 407 3882 illud
430 3820 628 3884 Graefenhan.
652 3823 773 3896 statuit,
803 3823 861 3882 hoc
883 3821 1022 3880 Beccard.
1057 3823 1088 3878 at
1118 3820 1163 3878 La
1184 3819 1304 3891 Roohs,
1335 3815 1409 3898 quod

239 3925 313 3984 mihi
344 3946 461 4006 quoque
493 3926 557 3987 reri
588 3926 706 3986 videtur
728 3924 869 3996 similius;
900 3941 1078 4004 quamquem
1108 3921 1206 3981 dirimi
1228 3941 1276 3981 res
1299 3919 1406 4001 nequit.

327 4031 358 4107 s)
380 4030 417 4087 aa
438 4029 469 4086 A
492 4033 562 4089 arr.
587 4034 658 4088 216.
683 4029 712 4086 Γ
732 4033 800 4088 155.

324 4133 356 4208 4)
377 4131 421 4190 ita
448 4131 593 4190 Lehrsius
621 4135 674 4192 Ar.
696 4151 724 4208 p.
748 4136 786 4189 29
811 4151 857 4190 u.:
887 4163 948 4204 ‚‚—-
969 4128 1079 4188 librum
1101 4121 1243 4205 περὶτῆς
1267 4159 1301 4172 -
1327 4129 1406 4204 puta·

240 4233 334 4307 nerim
355 4233 388 4291 iu
409 4232 607 4292 diiudicandis
625 4232 789 4293 Aristarchi
814 4230 1028 4310 orthographia
1050 4234 1080 4290 et
1101 4229 1271 4290 accentibus
1285 4228 1406 4290 maxime

240 4341 389 4398 versatum
410 4333 531 4396 fuisaer‘
