2962 4812
655 223 866 289 ..76-

170 396 228 462 sed
251 395 301 461 cui
324 399 514 478 corruptum
528 396 592 461 iam
615 400 729 476 poetae
751 393 891 476 verbum,
914 399 950 461 ut
972 395 1107 478 videtur,
1129 395 1353 479 explicandum

170 513 240 573 erat
270 512 293 590 ).
316 543 358 555 -
380 507 499 575 multus
529 505 591 572 fuit
622 507 675 572 ille
705 509 737 573 in
771 503 1096 590 rubus'erplicandis,
1119 507 1352 592 qualiacunque
1476 575 1477 580 ,

173 621 213 683 ad
238 619 413 685 sententias
435 625 549 700 poetae
570 617 800 699 intellegendas
821 619 975 700 valerent,
998 617 1139 684 afferens
1184 622 1239 684 sed
1262 621 1352 686 baud

168 749 242 795 raro
272 731 304 794 in
335 746 458 794 errores
486 727 607 795 incidit.
651 735 688 794 ut
718 730 814 797 schol.
841 731 900 796 An.
933 731 996 797 266
1025 730 1178 796 maiorem
1207 731 1353 814 profudit

168 841 346 907 doctrinam
377 859 473 925 quarn
503 857 584 920 quae
615 845 671 905 aut
702 859 782 922 opus
813 848 899 908 esset
927 839 1021 907 adh.
1044 839 1064 905 l.
1093 841 1351 924 perspiciendum

168 956 225 1016 aut
247 957 324 1034 apta
338 954 378 1033 ²).
423 951 505 1017 male
528 942 819 1032 αὐτοσχεδιάζοντα
840 951 948 1035 prodit
970 951 1065 1018 schol.
1088 953 1145 1017 Au.
1168 952 1248 1034 991ς
1279 952 1352 1020 feli·

171 1062 237 1128 cius
265 1064 322 1127 Av.
353 1064 424 1130 198.
476 1063 515 1130 de
545 1060 816 1149 κωμῳδουμένοις
847 1069 923 1130 sunt
953 1063 1049 1129 schol.
1080 1065 1138 1129 An.
1172 1065 1262 1146 1319,
1294 1064 1350 1130 ubi

170 1174 309 1257 Didymo
339 1173 394 1239 ille
421 1174 547 1256 quidem
577 1173 748 1257 probatur,
786 1175 983 1258 improbatur
1010 1174 1214 1258 Symmach03
1251 1177 1348 1260 Vesp.

168 1285 240 1368 613,
269 1285 323 1351 ubi
354 1285 481 1352 diuersa
511 1285 550 1351 de
574 1285 723 1368 Gonno³)
756 1286 940 1351 afferuntur.
984 1287 1027 1351 ad
1055 1286 1221 1352 literarum
1248 1287 1351 1355 histo-

169 1397 249 1461 riam
272 1401 419 1478 spectant
450 1396 547 1462 schol.
569 1396 654 1464 Plut.
677 1397 741 1464 385
772 1399 811 1464 de
834 1396 1061 1482 Pamphilo⁴);
1095 1398 1153 1463 Au.
1179 1400 1260 1466 1403
1294 1401 1351 1466 ubi

168 1508 254 1590 quod
277 1511 444 1575 autumare
459 1507 561 1574 fertur
583 1527 653 1575 cum
671 1510 842 1592 Antipatro
858 1511 995 1590 iunctus,
1019 1510 1224 1592 redarguitur
1239 1516 1350 1578 aucto-

168 1619 266 1686 ritate
289 1619 481 1698 Aristotelis,
503 1638 554 1700 ap.
576 1619 678 1686 Procl.
703 1620 743 1684 14
755 1620 803 1706 5);
825 1620 907 1685 Nub.
931 1619 1026 1698 1264;
1059 1621 1100 1684 ad
1123 1621 1349 1704 antiquitates:

169 1729 254 1795 Plut.
276 1731 390 1811 904⁶).
433 1731 513 1796 Rau.
546 1730 627 1796 1093
659 1731 880 1812 (probabiliter
913 1732 1056 1797 restituit
1083 1732 1273 1818 Kusterus);
1306 1735 1350 1800 ad

168 1859 235 1906 rem
259 1839 505 1923 mythologicam
527 1841 586 1906 Au.
611 1839 703 1922 1536,
736 1842 791 1908 nbi
817 1841 903 1908 haud
927 1845 1158 1909 contemnenda
1190 1861 1225 1910 se
1246 1844 1351 1910 imbu-

168 1959 233 2017 tum
256 1952 388 2035 praebet
419 1953 579 2032 doctrina;
603 1950 641 2018 ci.
664 1952 794 2017 Diodor.
816 1953 874 2034 ΠΙ,
898 1951 949 2035 51,
972 1974 1009 2021 ac
1031 1974 1060 2021 v.
1082 1955 1117 2020 Ι.
1141 1954 1286 2020 Dindorf.
1315 1956 1349 2021 in
1479 1963 1480 2028 ἓ

169 2063 260 2128 Thes,
276 2081 299 2129 s.
315 2084 344 2129 v.
362 2059 532 2128 Βασίλεια.
555 2100 597 2111 -
620 2063 820 2146 proverbium
836 2065 983 2148 explicat,
1006 2071 1038 2130 et
1053 2071 1139 2133 recte
1155 2066 1222 2132 sine
1239 2066 1348 2149 dubio,

257 2358 290 2437 1)
312 2363 428 2418 rectum
443 2359 553 2419 vidisse
576 2358 649 2417 mihi
671 2359 791 2420 videtur
805 2359 913 2432 Bentl,
937 2359 986 2439 qui
1011 2361 1119 2438 λαῖγμα
1134 2366 1241 2439 poetae
1262 2361 1352 2423 resti-

168 2461 244 2533 tuit,
278 2461 356 2540 quod
386 2461 541 2523 vindicant
571 2461 680 2521 codicis
710 2461 785 2521 Ven.
817 2461 1007 2542 (quamquam
1040 2483 1117 2523 man.
1148 2466 1221 2539 rac.)
1243 2466 1352 2540 λαῖτμα

171 2565 333 2643 eademque
355 2584 402 2642 ap.
425 2564 506 2624 Snid.
531 2585 554 2624 s.
576 2566 608 2624 h.
631 2585 659 2625 v.
682 2565 715 2622 in
739 2566 850 2642 optimo
873 2566 937 2624 cod.
953 2566 1047 2626 Paris.
1085 2570 1126 2644 (A
1147 2566 1350 2644 Bernhardyi)

169 2667 317 2744 scriptura
339 2674 476 2741 exstans,
509 2667 617 2727 collata
638 2667 737 2742 glossa
759 2667 904 2744 Hesychii
941 2667 1099 2746 λαίγματα·
1130 2665 1277 2743 πέμματα.
1323 2666 1355 2728 οἱ

169 2763 201 2829 di
223 2769 383 2849 σπέρματα.
428 2763 492 2848 ἱερά
525 2761 712 2848 ἀπάργματα.
758 2770 948 2847 comparandi
978 2775 1133 2847 practerea
1165 2773 1252 2832 Phot.
1277 2776 1349 2845 201,

172 2877 210 2931 14
232 2865 394 2950 λᾶγματα,
418 2867 482 2952 ἱερά
505 2865 700 2951 ἆπάργματα;
724 2872 804 2932 Snid.
828 2893 851 2932 s.
874 2892 903 2934 v.
925 2873 1015 2948 λαῖμα
1036 2873 1070 2932 Π
1093 2873 1204 2948 [sonb.
1227 2867 1348 2952 λαῖγμα’

167 2975 294 3049 Bernh.;
326 2977 449 3036 eandem
472 2976 566 3050 igitur
588 2994 677 3056 quam
700 2976 853 3053 Aristoph.
878 2975 1077 3052 corruptelam
1098 2997 1255 3056 perpessus
1278 2977 1350 3054 estl·

167 3071 200 3137 τό
225 3070 321 3154 ἱερόν,
345 3079 445 3153 ddum
469 3079 597 3138 Cramer.
620 3083 678 3138 An.
701 3079 743 3152 II,
767 3085 796 3152 9,
824 3083 859 3136 13
883 3080 1000 3156 λαῖγμα,
1023 3070 1055 3138 τό
1084 3071 1173 3158 iopen.
1198 3113 1239 3123 -
1261 3099 1291 3141 v.
1315 3079 1349 3142 G.
1452 3077 1456 3086 ’

171 3181 308 3241 Dindorf.
331 3181 364 3240 in
385 3182 472 3240 Thes.
496 3201 518 3240 s.
540 3183 570 3241 h.
593 3201 621 3242 v.

256 3283 287 3362 2)
311 3285 412 3343 eadam
446 3284 547 3343 fabula
575 3284 686 3359 legitur
716 3302 763 3362 ap.
795 3283 910 3343 Aeliam
934 3283 973 3342 Η.
998 3286 1033 3343 Α.
1056 3284 1158 3358 XVII,
1184 3289 1231 3345 13.
1275 3285 1350 3344 ilem

171 3405 217 3464 ap.
241 3385 320 3446 Plut.
344 3406 417 3446 mor.
442 3391 502 3445 cel
527 3388 557 3459 (l,
580 3387 681 3468 eliqua
702 3392 803 3446 tamen
826 3407 864 3446 ex
885 3391 970 3463 parte
993 3393 1141 3447 correcta:
1168 3388 1246 3446 unde
1269 3386 1352 3449 vide·

169 3494 220 3548 tur
241 3489 432 3567 descripsisse
454 3489 607 3548 Heliodor.
630 3489 771 3566 Aethiop.
796 3495 823 3562 3,
850 3494 877 3547 8.

257 3593 288 3669 3)
312 3593 419 3672 quibus
449 3592 483 3650 in
512 3592 761 3669 interpretandis,
791 3592 828 3650 ad
851 3590 1053 3650 0sllistratnm
1076 3596 1219 3670 quantum
1242 3593 1352 3652 attinet

171 3700 201 3754 et
222 3695 438 3773 Euphronium,
462 3694 562 3754 neseio
585 3713 622 3752 au
639 3695 779 3754 audacior
800 3695 893 3753 fuerit
914 3693 1068 3768 Bergkius,
1093 3696 1202 3754 Gomm.
1226 3696 1262 3754 de
1284 3695 1350 3755 rell.

171 3818 243 3857 oona.
267 3803 318 3858 att.
342 3804 412 3871 ant,
436 3797 486 3857 ubi
510 3797 645 3874 pluribus
667 3798 703 3856 de
726 3798 829 3858 (lonuo
852 3798 915 3872 agit
937 3817 965 3874 p.
989 3797 1124 3858 73-75.

258 3901 290 3978 4)
313 3902 349 3960 de
377 3901 435 3960 isto
469 3899 633 3959 audiendus
665 3899 812 3974 Rubrius,
830 3900 876 3962 dn
899 3901 976 3960 Mus.
998 3901 1094 3960 Rhen.
1130 3900 1209 3960 1837
1234 3922 1264 3980 p.
1287 3906 1349 3960 422

170 4022 245 4083 sqq,
284 4005 334 4082 qui
366 4003 551 4082 probabilius
584 4001 689 4062 statuit
720 4003 756 4061 de
785 4003 900 4079 tragico
923 4009 1012 4081 poeta
1041 4003 1165 4079 cogitari
1197 4024 1285 4084 quarn
1314 4005 1350 4064 de

170 4106 292 4182 pictore.

258 4208 288 4285 5)
312 4230 340 4269 u.
363 4210 472 4269 Bernh.
495 4209 586 4270 Hae.
609 4211 726 4270 11573
752 4230 816 4290 sqq.

258 4309 290 4389 6)
314 4313 393 4392 quod
421 4316 516 4370 totum
545 4313 713 4389 Euphronii
744 4333 808 4372 esse
841 4331 946 4372 censeo
980 4312 1086 4374 collata
1117 4312 1291 4389 praesertim
1315 4332 1351 4373 ea

174 4411 280 4471 scholii
302 4415 405 4487 forma,
429 4432 517 4492 quam
541 4413 685 4474 exhibent
706 4415 790 4476 codd.
812 4412 906 4475 RVO.

210 4727 237 4776 A
313 4718 350 4776 Ι
