2962 4812
580 221 792 287 ..73-

96 395 162 460 tem
186 391 331 460 videmus
355 392 545 460 Chaeridem
560 392 655 474 Vesp.
678 392 750 460 614.
795 393 931 476 denique
952 393 1077 460 silentio
1099 409 1162 458 non
1183 411 1277 476 prae-

95 505 286 571 tereundum
310 503 407 571 schol.
432 505 488 569 Au.
510 501 574 568 266
607 494 786 589 Εὐφρόνιος
814 500 851 569 ἐν
883 506 939 570 τοῦ
959 502 1137 592 χαραδριὸν
1158 500 1277 588 μιμού-

94 637 193 700 μενος
214 608 306 697 ἀξιοῖ
327 613 483 696 δέχεσθαι
506 607 801 700 ἀποκεκρυμμένος.
839 613 913 681 ἐπεὶ
927 613 987 703 γάρ
1010 612 1085 693 τοὺς
1100 611 1277 701 ἰκτερικοδς

96 719 220 813 ἀφελεῖ
242 720 260 791 δ
284 724 460 815 χαραδριὸς
475 719 602 813 ὀφθείς,
627 721 656 792 οἰ
671 725 855 804 πωλοῦντες
872 719 976 808 αἰτόν,
1000 723 1092 813 φασὶ,
1114 721 1278 809 κρόπτοο-

97 857 160 919 σιν,
183 837 239 902 ἵνα
262 835 307 926 μὴ
329 835 395 926 πρὸ
416 840 473 904 τοῦ
496 829 688 926 αἰτήσασθαί
714 861 765 915 τις
787 833 869 927 ἰαθῇ
899 833 1079 926 παρέργως.
1119 829 1278 922 Ἀνδρέας

94 946 132 1014 δέ
168 967 249 1034 φησι
279 952 343 1014 τῶν
374 945 541 1036 ἰκτερικῶν
571 941 608 1014 οὗ
639 946 713 1026 τούς
743 944 889 1030 ἰδόντας,
913 941 996 1014 ἀλλά
1018 946 1092 1027 τοδς
1114 945 1278 1036 φαγόντας

95 1051 374 1126 ἀπαλλάττεσθαι
403 1061 459 1128 τοῦ
490 1056 633 1138 πόθους.
676 1061 728 1127 hic
759 1061 813 1143 qui
843 1061 875 1127 in
905 1059 1123 1128 testimonium
1145 1066 1277 1128 vocatur

95 1171 244 1238 Andreas
273 1190 351 1238 sane
381 1173 465 1239 idem
495 1180 545 1240 est
581 1179 677 1256 atque
708 1173 882 1251 Andreas,
920 1171 1086 1256 Carystius
1126 1173 1276 1255 medicus,

94 1282 151 1366 qui
185 1282 266 1348 vixit
297 1282 364 1349 fere
395 1283 444 1348 01.
475 1282 537 1348 150
566 1303 603 1350 ac
634 1282 763 1366 scripsit
797 1282 912 1348 librum
944 1279 1021 1369 περὶ
1050 1281 1115 1346 τῶν
1147 1281 1279 1369 ψευδῶς

96 1386 378 1479 πεπιστευμένων
402 1395 644 1476 (Westermann.
676 1393 890 1475 Paradoxogr.
914 1415 944 1476 p.
966 1394 1069 1478 XHI).
1106 1395 1190 1460 unde
1211 1413 1279 1460 ma·

98 1524 197 1588 gnam
220 1525 310 1572 meae
332 1506 378 1574 rei
401 1505 517 1572 exoriri
539 1505 753 1571 calamitatem
777 1507 879 1587 primo
902 1505 1017 1570 obtutu
1039 1503 1196 1588 quispiam
1218 1525 1278 1588 pu-

93 1617 225 1684 taverit.
270 1619 327 1684 sed
342 1616 435 1684 facile
458 1637 495 1683 ea
517 1616 693 1699 expeditur.
732 1617 804 1680 na‘m
827 1617 989 1682 Andream
1003 1615 1054 1681 hic
1076 1617 1117 1682 ad
1134 1622 1277 1682 nostrum

95 1727 255 1809 respicere
286 1747 421 1810 eumque
459 1726 601 1793 refellere
636 1726 764 1791 minime
798 1744 922 1793 necesse
946 1731 996 1792 est
1018 1731 1170 1792 statuere.
1213 1725 1276 1792 fuit

95 1837 246 1902 nimirum
269 1839 334 1904 ista
357 1839 396 1905 de
422 1837 588 1924 χαραδριῷ
608 1836 718 1903 fabula
741 1838 977 1920 vulgatissima,
1000 1843 1096 1920 atque
1119 1842 1155 1903 ut
1178 1837 1276 1902 talem

95 1965 167 2012 eam
190 1950 300 2031 prodit
323 1954 444 2028 noster,
475 1967 547 2014 curn
569 1948 712 2013 dicit-
734 1942 871 2034 poot1).
915 1950 1041 2014 omnino
1062 1950 1276 2031 reputandum

94 2059 319 2140 Euphroninm
340 2061 469 2126 minime
492 2060 615 2139 debere,
638 2060 723 2142 quod
737 2059 914 2142 physicum,
939 2059 1125 2127 rationalem
1141 2063 1276 2142 prodere

94 2169 144 2236 rei
167 2171 426 2251 explicationem:
454 2171 551 2236 immo
580 2170 659 2236 satir
682 2171 711 2235 ei
733 2189 812 2251 esse,
844 2171 873 2236 si
893 2169 1034 2238 fabulam
1055 2171 1152 2254 vulgo
1174 2173 1276 2238 crodi-

97 2287 167 2347 tam
190 2283 231 2347 ad
253 2289 368 2365 poetae
391 2282 489 2350 verba
509 2281 703 2348 illustranda
725 2279 847 2346 afferat.

181 2391 232 2458 his
254 2399 362 2458 autern
385 2395 424 2460 de
447 2392 624 2474 Euphronii
646 2396 753 2459 aetate
785 2383 938 2475 expositis
968 2393 995 2458 si
1029 2412 1102 2460 vere
1124 2395 1277 2460 statueri-

93 2521 167 2569 mus
196 2503 281 2569 inter
308 2504 529 2570 Aristarchum
567 2510 600 2569 et
627 2504 801 2586 Didymum
834 2509 976 2569 nostrum
1005 2503 1165 2585 floruisse,
1204 2505 1276 2572 hinc

91 2613 237 2696 profecto
267 2615 393 2698 longius
425 2633 609 2698 progressos
633 2632 688 2679 nos
710 2615 779 2681 inre
801 2620 918 2697 nostro,
951 2614 984 2680 id
1006 2616 1176 2698 quodiam
1199 2616 1276 2682 feci-

93 2743 184 2806 mus,
227 2744 298 2790 eum
331 2725 512 2791 Aristarchi
545 2725 771 2808 discipulorum
802 2725 983 2812 inserere2)
1026 2745 1154 2792 numero
1184 2747 1275 2793 nemo

93 2835 207 2917 opinor
234 2837 380 2920 negabit3
413 2857 450 2902 eo
481 2838 564 2904 enim
595 2838 684 2904 ducit
712 2837 809 2904 schol.
839 2837 919 2903 illud
940 2837 1035 2920 Vesp.
1058 2837 1130 2920 696,
1159 2839 1191 2905 in
1214 2857 1276 2920 quo

91 2963 253 3012 summum
275 2953 405 3016 nostrae
427 2949 654 3032 disputationis
675 2948 908 3015 firmamentum
924 2949 1064 3030 positum
1086 2967 1156 3016 esse
1178 2969 1276 3033 supra

91 3055 240 3124 diximus.
271 3095 314 3106 -
345 3060 459 3140 quodsi
495 3059 716 3126 Callistratum
745 3065 778 3125 et
808 3059 1028 3142 Euphronium
1059 3061 1276 3144 compluribus

92 3168 174 3234 locis
195 3169 421 3236 dissentientes
443 3171 528 3236 inter
549 3190 584 3238 se
605 3176 702 3253 atque
721 3170 927 3254 obloquentes
950 3170 1127 3238 invenimus
1138 3175 1176 3256 ⁸),
1199 3173 1276 3239 item

95 3279 336 3346 Artemidorum
369 3287 402 3347 et
424 3281 645 3364 Euphronium
677 3281 919 3366 (Vesp.1144):
951 3281 1085 3348 similem
1116 3285 1276 3365 quandam

92 3389 233 3458 fortasse
256 3398 342 3458 reete
363 3393 443 3458 mihi
465 3393 576 3459 videar
598 3393 681 3458 inter
704 3392 924 3460 Callistratum
948 3399 986 3458 ut
1007 3393 1276 3477 Aristophaneum

91 3505 127 3566 et
151 3500 372 3584 Euphroninm
402 3509 439 3568 nt
465 3504 702 3570 Aristarcheum
726 3505 880 3587 indagare
902 3505 1156 3586 aemulationem,
1179 3510 1276 3588 atque

93 3629 191 3694 qnam
214 3611 245 3676 in
269 3613 436 3696 Apollonio
458 3613 685 3697 Aristophanis
707 3615 885 3699 interprete
906 3614 949 3681 M.
973 3614 1119 3683 Schmidt
1140 3617 1276 3700 aperuit,

91 3740 157 3804 qua
178 3722 218 3787 de
240 3741 275 3788 re
297 3729 393 3792 antea
416 3725 505 3793 nobis
528 3732 645 3792 actum.

183 3879 212 3958 1)
235 3881 273 3940 ad
304 3882 384 3961 quod
413 3902 474 3942 non
502 3883 629 3944 debebat
651 3883 788 3944 Dindorf.
817 3883 961 3944 adnotare
984 3884 1075 3944 ‘Fort
1107 3876 1200 3960 φησί’,
1229 3905 1276 3946 ra-

93 3981 178 4042 tione
211 3983 388 4060 praesertim
416 3985 521 4046 habita
553 3986 661 4047 fluidae
691 4007 713 4046 s.
737 4007 765 4047 v.
796 3979 972 4066 χαραδριόςι
1008 3977 1129 4065 όρντον,
1167 3985 1209 4058 εἰς
1241 3983 1277 4048 δν

93 4075 335 4162 ἀποβλέψαντες,
360 4078 408 4156 τός
429 4080 565 4166 λόγος,
596 4086 627 4146 οἱ
648 4085 828 4168 ἰκτεριῶντες
850 4086 927 4172 ῥᾷον
950 4079 1193 4163 ἀπαλλάττονται,
1217 4089 1275 4152 aad.

181 4188 213 4267 λ)
236 4189 323 4250 video
352 4189 425 4249 itam
456 4209 491 4250 το
520 4211 567 4250 mo
598 4191 745 4252 indicasse
776 4191 1019 4269 Bernhardyum,
1051 4191 1144 4253 HLG.
1173 4195 1217 4268 ΙΙ,
1249 4201 1277 4270 2,

117 4335 123 4349 .
149 4295 221 4352 585.

93 4313 114 4370 p
181 4393 214 4472 3)
237 4397 329 4456 schol.
354 4399 410 4458 Aa.
434 4401 504 4455 933.
531 4397 621 4456 1378.
645 4397 717 4456 997.
741 4396 829 4476 Vesp.
855 4402 925 4458 604.
950 4398 1021 4459 675.
