2962 4812
689 120 900 186 ...24-

297 290 362 355 iam
383 290 483 356 habes
505 291 611 356 omnia
633 309 714 372 quae
736 293 775 357 de
798 297 906 358 nostro
929 291 1050 358 tradita
1072 296 1162 357 sunt:
1192 291 1256 358 fuit
1284 291 1411 374 proxi-

210 420 281 466 mus
302 407 374 484 post
397 401 596 468 Theocritum
620 408 715 484 poeta
737 402 907 484 bucolicus,
930 401 992 468 fuit
1006 401 1090 468 idem
1107 403 1339 484 grammaticus
1369 407 1412 467 et

210 511 390 578 Aristarchi
412 511 598 594 discipulus.
611 515 639 590 ¹)
671 531 774 594 neque
796 531 853 596 ego
869 532 950 596 quae
967 514 1013 578 eis
1026 513 1142 578 addam
1161 513 1262 580 multa
1279 514 1411 579 habeo.

209 624 269 690 hoc
290 641 349 705 pro
371 630 458 689 certo
489 643 526 688 ex
557 643 611 706 eo,
643 625 727 706 quod
759 625 939 691 Aristarchi
971 624 1190 690 familiaritate
1223 643 1300 691 usus
1332 631 1410 707 est,

211 733 439 816 colligendum,
473 734 579 816 illum,
609 735 663 816 qui
686 737 813 801 natione
841 735 903 800 fuit
926 737 1158 818 Syracusanus,
1190 736 1409 819 aliquantum

212 846 330 912 aetatis
362 846 573 912 Alexandriae
604 846 736 929 degisse.
776 848 825 912 cui
856 847 902 912 rei
932 853 964 912 et
993 848 1052 914 hoc
1083 865 1152 913 esse
1175 847 1410 913 testimonium

213 951 411 1040 Harfungius
432 958 502 1022 uult
524 959 592 1042 (qui
613 959 738 1024 omnino
762 960 801 1024 de
825 959 926 1024 nostri
949 960 1016 1023 vita
1040 959 1216 1041 disputavit
1236 979 1268 1042 p.
1285 960 1409 1039 2*5)‚

213 1069 297 1150 quod
319 1069 351 1133 in
374 1071 512 1136 carmine
526 1071 610 1135 inter
625 1070 813 1137 Theocritea
827 1069 941 1153 XXIV,
964 1071 1048 1154 quod
1063 1071 1192 1136 Moscho
1209 1088 1277 1136 esse
1296 1072 1409 1137 ascri-

214 1180 361 1262 bendum,
376 1182 476 1248 Ursae
487 1183 616 1248 maioris
628 1181 685 1249 fiat
696 1183 824 1265 mentio,
843 1185 927 1265 quod
943 1184 1031 1248 sidus
1049 1181 1201 1249 Graeciae
1217 1182 1409 1265 Italiaeque

214 1291 325 1358 incolis
347 1310 405 1356 non
429 1294 590 1375 occidere,
621 1294 843 1360 Alexandrinis
873 1295 1016 1360 occidere
1045 1295 1120 1358 viris
1149 1294 1264 1358 harum
1287 1312 1407 1358 rerum

216 1403 330 1485 peritis
350 1421 419 1470 esse
441 1411 645 1487 compertum.
687 1407 771 1487 quod
793 1424 852 1488 ego
874 1413 1098 1487 argumentum
1119 1405 1152 1470 in
1174 1404 1277 1469 medio
1300 1403 1406 1469 relin-

217 1532 321 1596 quam.
359 1521 499 1581 ceterum
522 1517 606 1600 quod
629 1517 794 1596 Moschus,
825 1523 862 1583 ut
883 1517 1047 1582 literarum
1071 1517 1214 1600 artisque
1235 1535 1407 1598 gramma-

217 1625 300 1691 ticae
322 1625 493 1709 studiosus,
517 1628 758 1711 Alexandriam,
791 1629 960 1695 cuiuslibet
989 1628 1151 1694 doctrinae
1173 1645 1251 1710 prae
1280 1627 1407 1692 ceteris

217 1735 350 1803 urbibus
381 1737 577 1819 praeclaram
614 1739 776 1806 cultricem
807 1759 864 1805 uec
895 1759 955 1804 nou
990 1758 1099 1824 regum
1131 1739 1233 1804 literis
1270 1737 1407 1820 egregie

219 1846 391 1914 faventium
414 1849 685 1932 opulentissimam
708 1852 825 1932 sedern,
847 1871 881 1918 se
897 1852 1040 1932 contulit,
1063 1850 1156 1916 huius
1172 1869 1247 1914 sane
1265 1850 1309 1914 rei
1324 1867 1406 1931 per-

220 1959 320 2025 multa
342 1961 441 2026 habet
462 1981 500 2028 ac
521 1964 687 2028 notissima
709 1963 904 2045 exemplal).
946 1963 1174 2045 grammaticae
1202 1969 1309 2026 autem
1343 1979 1406 2026 no-

221 2075 322 2136 strum
354 2090 481 2156 operam
513 2093 645 2141 navasse
674 2095 712 2142 ex
738 2076 839 2159 ipsius
861 2075 1017 2157 poematis
1039 2073 1157 2154 elucet;
1187 2091 1216 2137 v.
1239 2072 1405 2153 Hartuug.

222 2201 253 2264 p.
275 2183 312 2248 3:
342 2221 410 2264 „--
432 2185 555 2252 Moschi
578 2185 659 2251 enim
683 2189 823 2254 carmina
846 2192 919 2251 sunt
940 2187 989 2250 ita
1010 2189 1211 2264 comparata,
1233 2190 1270 2247 ut
1290 2201 1404 2264 gram·

222 2295 340 2361 metica
361 2297 502 2363 auctoris
524 2298 649 2380 studia,
682 2299 743 2364 etsi
764 2317 825 2364 non
846 2297 1043 2378 admonitus,
1065 2294 1213 2361 facillime
1235 2311 1405 2375 agnoscas,

223 2405 343 2489 quippe
373 2427 455 2491 quae
482 2407 608 2476 scholae
630 2411 878 2493 disciplinaeque
906 2427 997 2474 usum
1021 2427 1058 2474 ac
1081 2407 1258 2473 doctrinam
1281 2405 1407 2486 saepis-

224 2517 304 2584 sime
326 2520 503 2602 redoleut“;
526 2521 564 2587 cf.
587 2541 668 2604 quae
689 2522 774 2588 idem
796 2521 888 2587 affert
909 2541 939 2603 p.
956 2521 994 2586 31
1020 2526 1052 2586 et
1075 2537 1157 2602 quae
1179 2535 1246 2600 sqq.

310 2629 373 2696 iam
397 2632 436 2696 de
459 2633 674 2714 grammaticis
696 2633 817 2698 Moschi
838 2632 954 2698 studiis
975 2631 1082 2714 aliqua
1113 2649 1150 2696 ex
1170 2633 1262 2712 parte
1285 2627 1408 2693 certius

226 2741 331 2808 edocti
358 2743 477 2826 simus,
511 2746 604 2810 modo
633 2745 734 2811 nostri
762 2744 802 2810 ab
833 2744 996 2810 Athenaeo
1025 2741 1093 2807 fieri
1125 2741 1314 2806 mentionem
1344 2756 1407 2820 pro

228 2861 389 2938 comperto
411 2855 584 2922 habeamus
606 2857 626 2923 l.
648 2857 695 2922 XI
717 2857 780 2922 485
802 2856 829 2922 Ε
853 2850 990 2936 Μόσχος
1012 2853 1040 2918 d’
1063 2851 1097 2917 ἐν
1115 2846 1262 2938 ἐξηγήσει
1277 2845 1407 2916 Ῥοδια-

228 2965 296 3030 κῶν
317 2965 435 3048 λέξεων
455 2970 631 3053 κεραμεοῦν
654 2963 780 3053 ἀγγεῖόν
803 2989 901 3056 φησιν
923 2962 1003 3032 abab
1026 2965 1081 3050 [sc.
1107 2960 1286 3048 Macerio]
1309 2952 1406 3041 εἶναι,

229 3074 336 3155 ἐοικὸς
357 3081 431 3155 ταῖς
452 3077 638 3165 λεγομέναις
659 3075 876 3166 canaparium,
901 3071 1165 3164 ἐκπεταλώτερον
1186 3071 1232 3140 δέ.
1263 3076 1407 3158 (enumc-

319 3355 349 3434 1)
370 3356 413 3416 ita
435 3357 513 3416 enim
537 3357 710 3436 simpliciter
739 3359 832 3435 accipi
862 3357 951 3418 licere
980 3375 1083 3418 vocem
1105 3347 1254 3435 γνώριμος
1281 3355 1407 3411 constat.

231 3463 312 3520 certe
334 3460 357 3518 si
374 3461 441 3540 quis
456 3480 563 3536 magna
576 3463 702 3522 fruentis
716 3462 891 3522 auctoritate
913 3461 971 3520 viri
993 3461 1094 3518 audiat
1114 3453 1273 3538 γνώριμος,
1296 3456 1408 3514 habere
1466 3453 1467 3478 ³

232 3583 303 3634 nos,
335 3564 414 3642 quod
437 3583 502 3622 eum
524 3583 585 3623 non
609 3564 702 3624 solum
725 3565 940 3637 familiaritate,
964 3565 1015 3622 sed
1038 3563 1126 3622 etiam
1149 3559 1305 3636 disciplina
1326 3557 1407 3616 illius

111 3717 113 3722 .
231 3685 318 3725 usum
340 3684 405 3725 esse
426 3687 621 3743 cummagno
641 3668 706 3728 veri
727 3668 825 3746 specie
847 3670 1022 3740 statuamus,
1052 3663 1226 3742 putaverim.
1258 3693 1299 3706 -
1330 3666 1407 3721 oete-

232 3789 298 3828 rum
315 3769 422 3828 mirum
438 3771 515 3849 quod
532 3771 719 3831 halucinatur
736 3771 886 3831 Haulerus
903 3771 922 3828 l.
935 3769 970 3831 l.:
992 3771 1070 3844 „iam
1091 3785 1238 3827 sumamus
1253 3763 1407 3822 Moschum

234 3907 274 3918 -
300 3893 358 3932 una
379 3894 443 3934 cum
466 3875 863 3953 Aristarcho-Aristophanis
879 3874 1016 3954 Byzantii
1039 3870 1195 3947 disciplina
1216 3887 1301 3927 usum
1317 3867 1408 3926 esse.“

321 3979 352 4058 2)
376 3979 501 4056 Matter,
530 3964 582 4040 tio.
615 3977 729 4038 d'dlox.
761 3985 781 4040 t.
803 3981 854 4052 II,
884 3998 913 4054 p.
938 3981 991 4036 32:
1021 3973 1194 4049 „Theocrite
1215 3972 1308 4044 tient,
1341 3988 1407 4029 sous

236 4085 389 4160 beaucoup
412 4084 448 4140 ds
469 4087 621 4160 rapports,
655 4079 794 4142 bl'rioole
818 4078 1045 4157 d'Aiexandrie,
1075 4077 1153 4137 aussi
1175 4075 1244 4135 bien
1268 4093 1326 4154 que
1348 4069 1406 4131 l'uu
1466 4057 1467 4086 ¹

237 4187 272 4244 do
295 4205 341 4245 ees
363 4185 430 4261 plus
449 4186 584 4246 heurenx
605 4186 786 4256 imitateurs,
811 4185 959 4256 Moschus,
981 4179 1085 4243 l'e'lbve
1108 4176 1176 4238 d'un
1199 4175 1352 4237 literateur
1375 4177 1406 4234 de

236 4287 265 4347 la
286 4287 380 4348 meme
403 4289 510 4352 ecole‘*
