2962 4812
548 185 761 252 „25-

66 321 177 408 ¹rantur
192 343 222 409 h.
238 345 258 408 l.
275 353 435 415 auctores:
465 353 634 437 Nicander,
657 356 833 438 Lycophro‚
849 356 1006 434 Moschus
1023 357 1241 424 Artemidorus

23 509 26 516 .
67 453 342 536 Aristophaneus).
358 461 441 528 huuc
456 464 555 545 igitur
569 466 733 532 Moschum
750 461 926 554 ἐξηγήσεως
935 461 1108 532 Ῥοδιακῶν
1123 465 1241 548 λέξεων

66 568 225 628 auctorem
239 565 269 649 ¹)
300 587 368 636 esse
401 580 541 640 nostmm
578 584 697 660 negant
727 577 977 643 Graelenhanius
1016 579 1063 659 (l,
1094 578 1171 652 547>
1209 586 1242 646 et

66 672 229 755 Baehrius
252 678 284 742 in
298 679 412 766 Paulyi
434 685 498 752 ER.
521 705 545 752 s.
561 708 590 754 n.
614 689 771 755 Moschus.
795 689 833 754 ct.
857 687 964 754 Meier.
988 707 1098 756 comm.
1119 690 1257 802 Andoc.N

68 783 120 864 Vl,
143 787 215 868 31).
240 789 259 854 6
284 793 338 873 (=
355 794 472 876 Opusc.
494 798 536 876 11,
551 817 582 879 p.
596 798 653 881 35)
675 821 704 864 n.
730 801 800 866 128.
824 819 882 882 ego
898 817 954 864 cur
969 819 1049 884 opus
1064 801 1239 883 lexicogra-

66 895 189 974 phicum
212 917 231 963 a
254 901 452 984 Syracusano
474 898 691 976 abiudicemus
712 929 774 976 non
797 912 992 1007 video3cum
1009 912 1139 978 enimin
1156 918 1239 978 cete-

67 1025 166 1072 rorum
190 1011 246 1092 qui
266 1015 474 1094 perhibentur
496 1019 697 1086 Moschorum
720 1023 893 1104 σάωσον)
927 1023 1155 1104 grammaticus
1177 1041 1238 1088 nou

67 1117 237 1202 referatur,
272 1125 299 1188 si
328 1145 447 1206 pronus
476 1131 535 1194 sim
566 1133 608 1196 ad
638 1133 859 1198 vindicandam
883 1133 1061 1198 Aristarchi
1083 1133 1238 1216 discipulo

68 1227 149 1294 illam
172 1227 337 1319 ἐξήγησιν,
369 1239 502 1320 propius
533 1241 574 1306 ab
596 1243 677 1308 artis
699 1244 827 1311 criticae
850 1246 1029 1327 praeceptis
1051 1251 1138 1310 stare
1160 1245 1238 1310 mibi

69 1340 179 1406 videor.

68 1547 147 1622 VII.
172 1553 426 1630 Aristarchus
444 1564 485 1631 et
511 1560 619 1634 vm.
636 1563 895 1655 Aristagoras,
921 1565 1140 1636 Aristarchi
1156 1563 1235 1640 filii.

147 1735 260 1802 Suidas
283 1757 307 1803 ε.
331 1759 358 1804 ν.
377 1733 592 1829 Ἀρίσταρχος
612 1748 646 1826 Ι,
670 1752 686 1812 l
715 1768 745 1831 p.
770 1751 847 1815 717:
877 1788 919 1796 -
950 1747 1007 1815 καὶ
1027 1749 1154 1826 παῖδας
1174 1746 1235 1833 μὲν

70 1841 236 1910 κατέλιπεν
254 1841 468 1938 Ἀρίσταρχον
489 1855 545 1920 καί
562 1849 809 1945 Ἀρισταγόραν,
833 1855 931 1948 άμφω
948 1860 984 1928 δὲ
999 1859 1144 1946 ἐγένοντο
1162 1854 1234 1948 εὐή-

69 1960 150 2035 θεις,
176 1953 255 2035 Agre
280 1959 335 2026 καί
361 1960 494 2052 ἐπράθη
522 1963 539 2032 ὁ
569 1963 800 2057 Ἀρίσταρχος,
830 1966 1005 2058 Ἀθηναῖοι
1031 1971 1067 2039 δὲ
1092 1968 1235 2038 ἐλθόντα

70 2059 146 2150 παρ)
179 2065 292 2148 αὐτοῖς
314 2070 525 2163 ἑξωνήσαντο.
553 2079 611 2144 hos
639 2081 819 2148 Aristarchi
846 2083 927 2148 filios
949 2086 1033 2149 iuter
1062 2085 1234 2167 discipulos

70 2175 128 2242 cius
148 2179 256 2248 licebit
271 2184 401 2269 reterre,
424 2207 615 2271 quamquam
638 2193 681 2256 nil
703 2204 870 2276 praeterea
893 2197 932 2260 de
956 2195 1002 2260 eis
1018 2197 1233 2280 proditum³).

538 2417 741 2427 -—-—--.—.

326 2602 393 2674 IX.
447 2603 690 2681 Ptolemaeus
715 2609 950 2683 Ascalonita.

144 2781 358 2852 Ptolemaeum
381 2791 595 2858 Ascalonitam
618 2795 702 2859 inter
716 2797 895 2862 Aristarchi
910 2798 1083 2880 discipulos
1096 2795 1230 2878 Stepha-

72 2904 119 2952 nus
140 2893 215 2975 Bya.
237 2895 352 2977 refert,
382 2904 466 2982 apud
489 2922 582 2984 quern
604 2924 629 2970 s.
649 2925 678 2971 v.
705 2899 880 2972 Ἀσκάλων
903 2911 1053 2991 leguntur
1074 2909 1165 2974 haec:
1190 2947 1231 2956 -

73 2999 176 3068 πολλοὶ
198 3003 236 3070 δὲ
260 3003 297 3088 ἐξ
314 3001 408 3096 αὐτῆς
431 3012 691 3100 κεχρηματίτασι,
718 3014 895 3107 φιλόσοφοι
916 3019 977 3104 μὲν
991 3039 1056 3067 -·
1079 3041 1229 3104 χραμμαῑ

72 3112 142 3178 acroi
169 3115 206 3180 δὲ
229 3119 441 3204 Πτολεμαῖος
469 3117 686 3215 Ἀριστάρχου
705 3126 865 3217 γνώριμος
880 3129 936 3196 καί
955 3127 1134 3219 Δωρόθεος
1158 3150 1164 3164 ·
1187 3171 1229 3179 —-

72 3221 169 3292 Suidas
184 3247 244 3293 non
261 3231 322 3296 nisi
338 3233 416 3300 baec
433 3238 575 3304 exhibet:
598 3241 808 3326 Πτολεμαῖος
823 3237 840 3308 ὃ
858 3236 1109 3329 Ἀσκαλωνίτης,
1124 3264 1229 3328 γραμ-

72 3334 210 3420 ματικός,
242 3331 280 3428 ὃς
308 3340 498 3412 ἐπαίδευσεν
526 3346 559 3414 ἐν
587 3347 708 3441 Ῥώμῃ,
740 3356 812 3421 dein
835 3355 955 3436 scripta
976 3361 1114 3420 enarrat.
1149 3355 1230 3420 illud

70 3455 160 3512 autem
192 3470 289 3518 unum
321 3464 444 3522 certum
472 3462 512 3526 de
534 3461 594 3526 viri
616 3472 723 3530 aetate
745 3468 961 3534 testimonium
984 3465 1228 3532 addubitatione

70 3610 257 3628 5—-

143 3717 172 3790 1)
193 3717 359 3780 exhibitum
376 3721 540 3783 aFabriaio
553 3723 605 3798 VI,
621 3746 650 3802 p.
670 3731 738 3800 194,
755 3728 893 3788 omissum
910 3727 1051 3788 Lerschio
1065 3727 1098 3786 in
1116 3726 1227 3804 glosso-

71 3817 230 3891 graphornm
253 3825 483 3899 enumeratione,
506 3827 555 3886 III
576 3847 605 3904 p.
629 3829 668 3888 67
691 3850 757 3910 sqq.

142 3920 171 3998 2)
192 3943 221 3981 v.
244 3924 359 3985 Fabrie.
382 3929 431 3986 ΙΙΙ
452 3949 482 4006 p.
506 3930 575 3990 807.
601 3936 670 3990 808.

141 4024 169 4100 3)
191 4025 315 4085 nimium
338 4031 464 4105 spondet
485 4034 629 4092 Matterus
650 4035 676 4108 I,
702 4036 775 4096 157:
808 4072 876 4110 „—-
897 4042 928 4097 et
948 4039 991 4098 les
1014 4041 1092 4098 deux
1113 4039 1160 4099 fils
1190 4041 1226 4098 de

71 4125 244 4206 territique,
266 4130 437 4205 Aristagore
460 4139 491 4194 et
513 4135 695 4217 Aristarque,
718 4143 787 4198 sont
803 4138 969 4216 &galement
980 4141 1052 4202 cites
1075 4177 1115 4185 —
1138 4145 1224 4204 credo

72 4225 227 4291 auabrioio
248 4265 291 4274 -·-
313 4252 350 4292 au
373 4237 494 4296 nombre
517 4239 552 4296 de
574 4259 620 4298 ses
643 4247 856 4304 successeurs.“
877 4276 919 4288 -·
940 4265 970 4304 v.
985 4243 1181 4305 Graefenbau.
1203 4250 1224 4305 t.

71 4320 84 4378 1
99 4345 124 4402 p.
147 4335 213 4395 ooo.
