2962 4812
687 182 899 248 ..56-

290 353 407 431 restat,
447 356 484 415 ut
511 369 631 432 paucos
661 371 740 433 quos
769 353 948 418 Aristarchi
985 353 1017 418 in
1050 352 1257 419 contubernio
1290 351 1395 417 fuisse

208 461 321 528 lectori
343 481 394 528 me
416 479 539 544 sperem
560 462 781 545 probaturum,
804 481 885 529 nunc
907 461 1075 544 proferam.

640 688 742 764 m.
782 689 950 762 chaefia

292 853 446 934 Chaeris,
491 856 719 937 grammaticus
768 857 896 922 minime
933 857 1085 937 ignotus,
1128 855 1160 919 in
1203 855 1394 936 Homerum,

206 963 396 1044 Pindarum,
439 965 686 1047 Aristophanem
729 965 974 1034 commentarios
1016 965 1161 1032 condidit
1203 965 1396 1047 artibusque

206 1081 240 1140 et
270 1075 402 1142 criticae
433 1083 466 1142 et
494 1078 778 1160 interpretatoriae
809 1077 860 1143 his
897 1079 929 1142 in
966 1077 1070 1160 poetis
1108 1075 1291 1142 exercendis
1329 1095 1396 1142 non

204 1239 376 1328 Ἀρμόδιος;
405 1241 561 1328 Ἡρόδικος
583 1251 631 1313 vel
649 1246 864 1330 Ἀρτεμίδωρος
885 1251 1049 1311 chraeus.
1072 1249 1202 1329 praetuli
1222 1240 1396 1327 Ἡρόδικος,

207 1353 292 1412 cuius
322 1347 545 1436 κωμῳδούμενα
574 1360 777 1414 memorantur
804 1356 842 1414 ab
871 1355 1045 1413 Athenaeo“
1072 1353 1116 1412 tta
1137 1353 1246 1425 Dind.;
1277 1353 1329 1412 sed
1354 1353 1396 1410 si·
1460 1367 1462 1438 ’Ἴ

206 1455 301 1514 lentio
332 1455 489 1534 praeteriit
520 1477 547 1516 v.
571 1456 599 1514 d.
622 1456 836 1516 Schneiderum
866 1478 894 1534 p.
918 1460 971 1530 93]
1006 1450 1037 1514 δὲ
1072 1451 1104 1514 ἐν
1133 1458 1196 1524 τοῖς
1226 1452 1396 1536 κωμῳδου-

210 1554 312 1634 μένοις
336 1555 388 1616 καί
409 1551 461 1615 τόν
474 1549 627 1633 ’Ἀδμητον
649 1551 838 1639 ἀναγέγραφε
868 1554 1017 1638 παραθεὶς
1048 1549 1083 1614 τοὶ
1106 1558 1160 1616 τοῦ
1183 1555 1338 1636 Κρατίνου
1363 1553 1398 1615 ἐκ

212 1653 373 1738 Χειροίνοον
395 1652 607 1738 ’Κλειταγόρας
630 1651 714 1744 diaco
735 1651 814 1744 [ρ’ίδει
836 1659 890 1739 V]‚
913 1653 984 1720 όταν
1004 1651 1152 1736 Ἀδμήτου
1175 1655 1261 1734 μέλος
1283 1653 1396 1742 αόλῇ’.

207 1753 403 1831 Ἀπολλώνιος
434 1755 465 1819 δὲ
495 1753 513 1820 ό
538 1761 701 1840 Χαίριδος,
733 1755 773 1833 τίς
791 1755 1009 1841 Ἀρτεμίδαρός
1041 1778 1132 1837 φησι,
1166 1757 1233 1840 accpi
1264 1755 1317 1835 μὲν
1341 1763 1398 1836 τῆς

209 1857 407 1942 Κλειταγόρας
428 1866 481 1939 τῆς
503 1863 675 1942 ποιητρίας,
707 1857 753 1924 ότι
777 1857 817 1934 τίς
840 1857 1036 1943 οίνδροίνυμον
1058 1855 1246 1942 ἀναγέγραφε
1270 1863 1398 1923 Κλειτα-

208 1961 310 2046 γόραν,
339 1957 506 2042 Ἀμμώνιος
533 1957 682 2046 α’ττελόγχει
709 1961 819 2038 αὐτόν,
851 1965 918 2045 ττερί
942 1962 973 2024 δὲ
994 1969 1049 2024 τοῦ
1072 1959 1222 2042 Ἀδμήτου
1245 1967 1395 2044 παρεῖχεν.
1468 2013 1469 2020 ι

211 2060 414 2148 [,,Ἀμμοόνιος
436 2103 478 2114 -
500 2073 637 2148 παρεῖχεν
668 2070 767 2129 addidi
800 2090 839 2129 ex
866 2070 902 2130 V.
935 2074 1005 2128 ante
1037 2072 1174 2146 παρεῖχεν
1202 2067 1317 2148 aliquid
1341 2088 1397 2127 ex·
1469 2100 1470 2106 ι

210 2171 301 2232 oidit“
323 2171 429 2253 Dind]
452 2174 490 2232 ad
512 2173 592 2252 quod
613 2173 720 2245 schoh,
750 2193 808 2253 quo
840 2173 876 2231 cd
900 2172 1043 2232 maiorem
1065 2193 1129 2232 rem
1151 2176 1255 2233 contra
1276 2171 1396 2248 pleros·
1470 2190 1471 2206 ι

210 2295 267 2355 que
289 2275 371 2335 viros
402 2277 505 2335 doctos
538 2273 745 2334 stabiliendam
768 2279 942 2350 argumento
964 2275 1131 2334 Ahrensius
1158 2294 1229 2333 usus
1251 2279 1297 2332 est
1318 2274 1396 2352 (Bu-
1471 2283 1472 2310 ³

210 2377 264 2436 ool.
287 2378 337 2439 (ir.
359 2377 424 2438 relL
446 2379 481 2437 H
502 2399 531 2456 p.
553 2377 693 2438 XXXVI
716 2379 811 2458 sqq.),
834 2398 896 2437 non
919 2377 983 2436 sine
1005 2377 1201 2438 haesitatione
1224 2375 1395 2451 aggredior.
1472 2372 1473 2388 ¹

210 2481 319 2540 etenim
341 2481 486 2542 hocloco
510 2501 574 2540 cum
599 2479 792 2557 Apollonium
821 2481 859 2539 ab
882 2481 1040 2539 Ammonio
1062 2479 1161 2540 refelli
1183 2479 1397 2540 Artemidorus

209 2584 337 2658 referat,
360 2583 551 2644 Ammonium
572 2590 641 2660 post
663 2583 872 2644 Aristarchum
895 2588 991 2643 aetate
1013 2583 1183 2661 proximum
1204 2583 1298 2642 fuisse
1319 2603 1397 2663 quo·

210 2687 291 2746 niam
319 2687 406 2746 nobis
437 2691 569 2760 constat,
601 2685 793 2763 Apollonium
816 2687 969 2746 Chaeridis
992 2686 1088 2746 filium
1112 2686 1289 2764 putentibus
1312 2685 1396 2746 diffi-

210 2789 305 2849 cultas
334 2789 405 2848 inde
434 2788 549 2847 oriatur
577 2788 761 2863 gravissima.
806 2789 857 2848 sed
887 2789 966 2850 istud
989 2790 1135 2850 scholium
1158 2807 1296 2862 magnam
1317 2787 1396 2846 mihi

210 2911 331 2952 movere
352 2893 450 2950 fateor
466 2890 673 2968 suspicionem.
718 2911 816 2972 neque
838 2892 919 2952 enim
934 2913 1055 2969 possum
1077 2891 1149 2951 satis
1171 2891 1274 2952 mirari
1296 2896 1396 2949 totam

211 2993 359 3054 enuntiati
377 2999 572 3053 structuram:
590 2986 807 3063 Ἀπολλοίνιος
830 3027 881 3066 -,
905 2986 946 3064 τίς
967 2987 1181 3073 Ἀρτεμίδωρος
1203 3013 1248 3066 φ.,
1271 2988 1339 3071 περὶ
1363 3014 1396 3067 μ.

209 3119 234 3156 τ.
254 3097 290 3154 Κ.
312 3130 364 3166 -,
388 3089 435 3155 ὅτι
457 3087 497 3164 οίς
520 3087 547 3154 oi.
572 3089 600 3153 τί.
626 3096 674 3168 K,
693 3089 863 3171 Ἀμμώνιος
878 3089 1028 3176 destinet
1049 3089 1163 3154 αὐτόν
1185 3129 1238 3170 -,
1261 3114 1336 3176 quae
1359 3101 1397 3155 ut

210 3200 299 3259 nimis
322 3177 466 3260 difficilis
497 3204 528 3258 et
559 3189 773 3267 όνακόλουθος
806 3200 843 3258 ab
877 3200 1104 3260 scholiastarum
1134 3198 1253 3258 dicendi
1282 3218 1396 3274 genere

210 3303 298 3364 valde
325 3301 399 3360 mihi
430 3302 550 3363 videtur
579 3301 757 3379 discrepare.
800 3301 860 3360 iam
889 3307 988 3362 tecum
1017 3307 1125 3382 repnte
1147 3321 1257 3382 quaeso
1280 3307 1396 3362 certam

212 3406 361 3486 quandem
382 3405 433 3464 hic
454 3403 557 3464 haberi
581 3403 814 3482 oppositionem:
838 3398 885 3464 ὅτι
909 3441 947 3450 ω-
972 3398 1181 3485 Κλειταγόραν,
1205 3440 1248 3449 -
1269 3399 1336 3483 περὶ
1359 3399 1396 3464 δὲ

211 3511 265 3568 τοῦ
285 3500 435 3584 Ἀδμήτου
457 3509 604 3583 παρεῖχεν,
628 3511 718 3586 utque
740 3508 815 3566 haec
838 3509 957 3588 quidem
979 3511 1037 3570 duo
1054 3509 1176 3568 nomina
1198 3508 1335 3569 exhiberi
1357 3509 1394 3569 in

210 3632 300 3673 versu
321 3611 374 3670 illo
397 3610 512 3670 Cratini
534 3611 571 3668 ab
595 3608 744 3671 Herodioo
768 3611 906 3670 excitato.
952 3613 1022 3691 quid
1043 3611 1155 3670 multa?
1183 3613 1243 3672 huo
1264 3612 1395 3672 inclinat

211 3715 363 3787 iudicium,
388 3733 456 3781 eum
478 3712 529 3792 qui
551 3719 585 3770 ut
607 3711 803 3772 masculinum
825 3734 932 3774 nomen
956 3715 1136 3788 Olitagoram
1159 3714 1306 3787 exhibuit,
1329 3735 1393 3774 non

211 3819 303 3879 fuisse
333 3815 541 3896 Apollonium,
572 3815 623 3873 sed
653 3815 779 3875 eundem
805 3815 891 3874 illum
921 3817 972 3897 qui
1003 3817 1162 3876 Admetum
1191 3808 1392 3895 αἷναγίγραφε,

211 3928 246 3983 ut
268 3921 448 3992 existimem,
478 3917 677 3991 Herodicum
705 3938 793 3999 quem
822 3919 859 3978 de
881 3919 1032 3996 Glitegore
1061 3922 1099 3980 ab
1122 3919 1280 3998 Apollonio
1311 3921 1394 3978 rafu-

212 4031 307 4087 iatnm
329 4045 409 4102 esse,
440 4023 475 4082 de
498 4022 624 4080 Admeto
655 4024 829 4100 probutum;
863 4024 1014 4084 Ammonii
1043 4043 1116 4085 vero
1139 4043 1248 4083 nomen
1270 4023 1393 4082 nonnisi

213 4149 268 4208 per
296 4148 427 4189 errorem
452 4125 622 4204 irrepsisse,
656 4126 734 4206 quod
767 4147 805 4186 ex
833 4125 942 4187 iterato
973 4126 1125 4205 Apollonii
1154 4127 1274 4185 nomine
1303 4126 1393 4186 facile

212 4231 367 4308 putaveris
387 4234 533 4292 exortum.
567 4232 601 4286 ut
622 4229 703 4288 hunc
726 4230 790 4288 fero
813 4229 844 4288 in
866 4232 985 4290 modum
1009 4229 1101 4289 schol.
1125 4234 1226 4306 putam
1247 4229 1393 4305 scriptum

214 4333 322 4394 fuisse:
345 4324 501 4413 Ἡρόδικος
523 4326 555 4390 δὲ
578 4326 610 4389 ἐν
631 4333 694 4400 τοῖς
716 4327 964 4414 κωμῳδουμένοις
986 4328 1034 4390 καί
1059 4324 1111 4408 τήν
1134 4329 1161 4408 [?
1184 4323 1245 4404 τόν]
1271 4332 1393 4391 Κλειτα-
