2962 4812
518 199 731 264 ,61-

39 389 53 448 ρ
83 365 168 432 225:
206 403 248 412 —
290 361 478 449 ἐπιγουνίδα
512 364 550 430 δέ
587 363 671 450 λέγει
704 363 761 454 τὴν
793 369 856 452 ,τοῦ
895 363 1047 452 σώματος
1085 360 1219 449 εὐεξίαν.

39 469 102 542 άπὸ
136 475 200 564 γὰρ
230 474 349 562 μέρους
376 480 434 541 τοῦ
454 476 539 542 κατά
559 474 598 540 ιδ
619 473 695 562 γόνυ
716 476 878 562 δέρματος
899 477 938 544 τὸ
960 482 1029 544 πᾶν
1050 474 1216 567 ἐσήμανεν.

38 581 119 674 ‘ind
150 583 301 674 inepriata
329 589 386 653 τοῦ
414 584 565 672 γόνατος;
603 589 656 654 ubi
686 589 795 671 priora
826 590 992 672 Chaeridi,
1028 591 1216 658 Aristarcho

37 705 198 778 postrema
226 700 354 765 tribues.
399 706 432 764 et
459 699 557 766 schol.
588 720 610 764 σ
641 701 682 764 74
712 697 912 784 ἐπιγουνίδα]
943 699 1001 767 τὸν
1022 697 1133 767 ἐπάνω
1156 705 1214 767 τοῦ

38 805 171 892 γόνατος
191 805 305 876 τόπον.
342 802 412 874 ἇπδ
433 809 470 874 δέ
483 808 602 898 μέρους
622 810 661 876 τὸ
683 814 752 876 πᾶν
774 807 870 895 σῶμά
892 833 1001 898 φησιν.
1039 809 1069 878 εἰ
1089 809 1150 898 γὰρ
1172 811 1213 878 ιδ

39 913 179 998 ὀστῶδες
199 918 299 1008 μέρος
318 914 492 1007 εὔσαρκον,
521 921 595 999 πῶς
623 915 680 986 οὐκ
701 916 743 986 ἂν
762 921 819 988 καὶ
840 921 881 988 τά
911 919 1014 1005 άλλως
1044 924 1100 990 noi
1130 925 1216 1008 quod

38 1032 152 1114 legitur
173 1027 344 1118 εὔσαρκον,
374 1051 412 1100 eo
433 1034 536 1115 magis
558 1035 600 1098 ad
622 1034 760 1100 Chaeriu
782 1035 989 1116 interpretem
1012 1035 1168 1101 ducimur.

118 1149 218 1226 atque
247 1143 326 1210 haec
355 1151 448 1225 sunt,
489 1164 572 1228 quae
600 1145 768 1212 Chaeridis
803 1147 836 1210 in
865 1146 1039 1212 Homerum
1069 1165 1216 1212 curarum

40 1255 211 1320 etiamnum
234 1260 361 1320 exstant
382 1255 564 1338 fragmenta
577 1260 617 1340 ¹).
661 1276 743 1339 quae
765 1258 839 1324 licet
861 1277 1022 1340 perpauca
1043 1257 1127 1338 siut,
1156 1257 1217 1322 hoc

39 1371 140 1430 tamen
164 1365 240 1432 inde
263 1367 478 1448 cognoscimus
500 1367 690 1434 Chaeridem
719 1369 752 1434 iu
775 1369 920 1450 quolibet
940 1369 1126 1451 interpretis
1147 1386 1216 1434 mu-

40 1495 108 1540 nere
141 1494 213 1542 esse
235 1484 411 1560 versatum,
444 1497 502 1545 nec
532 1499 593 1545 nou
622 1480 702 1545 illud
723 1479 881 1563 proiecto,
912 1499 969 1546 nec
990 1481 1096 1546 scaevi
1117 1479 1217 1546 inisse

40 1586 196 1652 hominem
218 1587 336 1670 ingenii
358 1609 416 1658 nec
438 1609 558 1672 parvae
573 1591 787 1671 auctoritatis,
809 1593 945 1674 denique
967 1610 1049 1671 eum,
1072 1591 1127 1672 qui
1142 1591 1216 1656 Ari·

40 1699 201 1765 starchum
225 1719 295 1765 cum
317 1707 505 1784 sectaretur,
528 1721 588 1767 non
611 1709 718 1768 tamen
742 1704 863 1768 iuraret
884 1703 915 1768 in
940 1702 1087 1784 magistri
1108 1702 1217 1782 verba,

40 1829 144 1874 verum
175 1811 364 1894 ubicumque
393 1813 558 1879 videretur
592 1814 738 1896 magistri
760 1815 953 1880 auctoritate
975 1811 1119 1880 diffidere
1141 1831 1215 1878 suo·

41 1938 95 2000 que
117 1921 229 2004 potius
251 1922 311 1988 niti
333 1923 450 1990 iudicio
479 1926 623 1991 auderet.
669 1931 808 1992 ceterum
835 1924 925 1990 illum
948 1925 1054 1990 studia
1076 1943 1134 1990 sua
1157 1925 1214 1990 ho-

42 2033 154 2098 merita
170 2033 237 2099 veri
258 2034 361 2100 simile
382 2041 432 2100 est
446 2034 643 2116 complexum
659 2055 727 2102 esse
742 2036 824 2102 libro
839 2037 894 2118 qui
911 2035 1090 2102 nominatur
1112 2036 1214 2103 schol.

42 2166 56 2226 η
83 2145 125 2208 80
160 2140 381 2232 διορθωτικά,
413 2147 521 2228 qualia
542 2147 739 2214 nostratibus
770 2155 923 2214 vocantur
954 2147 1117 2214 ‘kritische
1152 2147 1214 2214 Be-

43 2253 230 2338 merhungen
261 2275 300 2322 zu
332 2258 452 2326 Homer
482 2277 506 2324 s.
529 2259 679 2341 Beitrage
712 2278 769 2324 zur
791 2259 897 2324 Kritih
920 2257 977 2324 des
999 2257 1129 2324 Homer'
1151 2259 1214 2342 (La

43 2366 145 2434 Roche
167 2387 198 2450 p.
221 2369 287 2453 81).
330 2374 364 2433 et
384 2375 470 2436 recte
492 2374 529 2435 ut
551 2369 630 2436 mihi
645 2371 773 2438 videtur
794 2371 841 2434 La
862 2369 986 2435 Roche:
1009 2369 1074 2450 „Es
1088 2369 1214 2436 scheint

42 2478 145 2560 somit,
178 2479 253 2544 dass
276 2479 327 2544 die
350 2479 470 2546 Schrift
492 2481 549 2547 des
572 2481 724 2562 Chaeris,
752 2480 869 2548 welche
892 2481 943 2545 die
966 2480 1111 2546 Scholien
1134 2501 1173 2546 zu
1194 2505 1214 2567 η

43 2587 77 2654 80
97 2585 300 2674 διορθωτικά
322 2610 454 2673 neuneu,
476 2591 526 2658 ein
550 2592 920 2675 kritisch-exegetischer
936 2591 1137 2658 Commentar
1158 2611 1213 2674 ge-

43 2716 134 2765 nesen
157 2701 202 2766 ist
222 2702 281 2767 wie
302 2704 385 2770 auch
408 2705 460 2770 die
482 2697 663 2792 διόρθωσις
684 2704 741 2769 des
763 2705 875 2772 Crates
888 2703 947 2788 ⁹)“.
992 2703 1037 2786 (p.
1060 2702 1126 2788 82).

117 2811 310 2894 paucissima
325 2833 399 2880 vero
422 2821 497 2882 sunt
519 2833 557 2882 ac
577 2815 669 2881 valde
684 2815 788 2895 exilia,
811 2834 892 2898 quae
915 2815 956 2880 de
970 2813 1213 2898 Aristophanem

46 2921 201 2991 dhaeridis
231 2925 348 2992 studiis
377 2927 504 2993 scholiis
536 2927 653 2993 nostris
680 2926 864 2994 edocemur.
916 2927 949 2992 in
982 2926 1032 2992 his
1062 2945 1133 2992 cum
1163 2932 1213 2991 ter

45 3035 118 3103 illius
151 3055 265 3102 nomen
294 3045 493 3120 compareat:
524 3038 622 3104 schol.
652 3041 709 3104 Ar.
741 3039 803 3104 877
817 3040 856 3116 ³).
907 3037 1000 3118 Vesp.
1028 3037 1099 3102 672.
1130 3039 1211 3103 Rau.

47 3147 116 3215 1028
140 3185 182 3196 —
204 3148 301 3214 schol.
333 3150 392 3214 hv.
412 3149 474 3214 877
506 3155 615 3214 tamen
645 3169 706 3216 non
737 3150 799 3216 nisi
830 3149 873 3213 ad
895 3147 1149 3214 observationem
1172 3148 1213 3212 de

47 3262 197 3344 στροῦθος
229 3260 336 3338 illam,
365 3277 460 3340 quam
491 3279 590 3342 supra
610 3261 872 3342 memoravimus,
900 3276 1086 3339 avocamur;
1116 3257 1212 3324 schol.

46 3377 139 3436 numm
171 3370 266 3453 Vesp.
289 3371 353 3436 672
383 3371 443 3438 hoc
474 3379 600 3438 tautum
632 3371 800 3436 discimus:
830 3368 888 3435 καὶ
909 3373 1033 3457 Χαῖρις
1063 3367 1152 3456 [item
1174 3375 1212 3435 ut

46 3480 247 3563 Euphronius}
277 3478 314 3546 δὲ
342 3480 380 3548 ιδ
408 3477 527 3570 κήθιον
555 3478 707 3568 τρυβλίου
739 3503 773 3545 τι
802 3472 901 3558 εἶδος.
944 3482 1051 3564 paullo
1082 3481 1211 3548 maioris

121 3759 151 3838 1)
174 3765 229 3821 eet.
253 3761 332 3841 quod
353 3762 437 3821 addit
457 3763 502 3820 La
523 3761 626 3822 Roche
649 3759 741 3820 schol.
764 3782 782 3818 ιι
807 3763 845 3818 58
862 3758 991 3819 Ghaoriu
1007 3758 1104 3833 citari,
1127 3779 1211 3820 error

46 3863 133 3923 nescio
156 3863 221 3942 quis
243 3865 359 3936 subest3
382 3885 479 3945 neque
501 3864 581 3924 enim
603 3863 645 3924 ibi
669 3863 733 3922 eius
755 3862 868 3922 mentio
891 3863 935 3922 fit.

119 3968 149 4044 2)
171 3967 208 4029 cf.
230 3967 388 4043 Wegener.
410 3967 478 4028 Aut.
502 3971 564 4027 Att.
587 3988 616 4044 p.
642 3969 710 4025 125.

120 4068 150 4147 3)
171 4089 240 4130 nam
266 4069 318 4129 hic
347 4090 465 4151 quoque
493 4070 526 4128 in
558 4063 663 4148 Χάρης
692 4067 784 4146 (quod
808 4065 970 4145 sepositum
991 4084 1010 4124 a
1034 4063 1142 4145 Χαῖρις
1162 4064 1209 4126 in-

47 4173 119 4233 tonis
143 4173 175 4234 in
197 4173 346 4233 Dindorfii
367 4178 398 4232 et
418 4173 572 4233 Duebneri
594 4171 702 4244 indice)
725 4169 879 4230 Chaeridis
901 4188 1009 4228 nomen
1024 4168 1107 4243 latet,
1130 4170 1210 4248 quod

48 4276 181 4338 educitur
210 4275 393 4355 comparanti
422 4276 585 4336 Herodian.
629 4269 696 4354 περὶ
726 4293 792 4350 μου.
819 4268 874 4343 nte.
907 4277 955 4346 42,
991 4277 1026 4330 14
1058 4276 1087 4331 et
1116 4271 1209 4332 schol.

48 4377 68 4434 Β
87 4383 152 4440 311,
174 4380 211 4440 of.
233 4381 337 4440 Lchra.
361 4379 472 4440 Herod.
495 4399 524 4458 p.
551 4375 620 4436 147.
