2962 4812
534 206 747 274 ...65-

58 377 235 446 simillimus
256 375 370 458 fuerit,
392 375 476 440 huuc
497 375 584 441 haud
607 378 713 459 inepte
736 374 882 442 additum
906 391 1034 454 censeo,
1063 371 1232 454 frigidum-

54 509 109 572 que
127 487 295 554 Ohaeridis
317 507 368 569 ap.
384 487 488 554 Sahal.
510 488 660 554 iudicium
679 489 788 569 puto.“
809 523 851 532 —
872 507 903 552 v.
918 485 981 551 313
999 481 1036 564 ἐξ
1053 476 1232 548 Ἀπόλλω-

54 622 102 676 νος
125 593 344 686 φορμιρκτάς]
366 604 440 682 post
462 605 644 666 accuratam
666 616 839 680 sanamque
850 596 1009 662 Ammouii
1031 595 1232 676 seutentiam,

55 712 102 794 qui
118 711 164 775 nil
181 710 243 775 uisi
260 711 321 776 hoc
336 710 397 776 sibi
412 710 493 778 velle
508 715 624 793 poetae
638 710 736 776 verba
751 709 928 776 contendit:
953 705 1040 773 ὅτου
1058 701 1232 772 ’Λπόλλω-

55 843 102 898 νος
122 814 290 905 μουσικός,
314 826 346 887 et
368 821 400 887 in
423 821 640 887 testimonium
656 822 754 888 allato
776 821 882 903 hymn.
905 819 989 885 hom.
1013 819 1056 884 24
1073 820 1139 884 v.2
1161 837 1232 884 eum

58 931 204 1016 loquendi
237 931 371 998 formula
401 932 458 998 illa
488 939 652 1016 comparat
681 952 819 1012 morem,
850 950 912 1016 quo
933 949 1024 1014 reges
1046 931 1130 997 Iovis
1152 929 1234 996 filios

56 1043 273 1127 perhibebant,
296 1035 352 1124 οὐχ
374 1035 425 1108 ὅτι
448 1039 543 1128 γόνος
559 1039 697 1110 eiciendi
720 1039 812 1126 Διός,
834 1035 910 1108 ἀλλ’
935 1035 1037 1108 ὅτιτὸ
1052 1037 1235 1125 βασιλεύειν

55 1152 87 1220 έι
107 1151 193 1231 Διὸς
217 1149 360 1236 illorum,
395 1155 560 1222 Chaeridis
583 1155 715 1221 affertur
737 1153 889 1222 iudicium
911 1173 973 1220 non
996 1154 1043 1220 ita
1064 1153 1235 1234 laudabile,

58 1285 246 1348 quamquam
270 1267 469 1350 Asclepiadis
492 1267 673 1334 testimonio
702 1267 890 1349 probatum:
925 1261 943 1331 ὁ
972 1262 1085 1349 μέντοι
1113 1267 1237 1350 Χαῖρις

58 1371 108 1442 οὐκ
131 1370 312 1456 άπιθάνως
333 1373 466 1456 τούτους
486 1375 585 1466 φησὶν
600 1369 795 1462 ὠνομάσθαι
811 1375 885 1454 τούς
901 1371 937 1442 ἐκ
953 1378 1041 1441 θεῶν
1057 1371 1236 1461 γεγονότας,

58 1477 123 1553 οἷον
148 1484 369 1576 Διοςκούρους
390 1486 446 1554 καί
472 1485 652 1571 Ἡρακλέα,
684 1483 768 1553 οὕτω
799 1485 839 1576 δὴ
869 1485 927 1554 καί
955 1480 1092 1576 Ὀρφέα,
1123 1485 1238 1553 διὰτὸ

57 1592 269 1678 ’Λπόλλωνος
290 1590 373 1666 εἶναι
395 1595 466 1666 υἱὸν
487 1595 581 1687 γόνῳ.
626 1597 848 1688 παρατίθεται
870 1596 980 1665 δὲκαὶ
999 1594 1144 1686 χρησμόν
1165 1623 1238 1664 τινα

57 1707 116 1778 κτέ.
138 1750 182 1760 -
207 1713 342 1794 denique
364 1713 462 1778 schol.
485 1711 575 1777 Nem.
597 1711 622 1791 I,
644 1712 703 1776 49:
724 1749 767 1758 -
797 1705 815 1775 ὁ
838 1709 874 1775 δέ
896 1705 1019 1796 Χοῖρίς
1041 1729 1156 1796 φησιν,
1186 1703 1237 1776 ὅτι

59 1818 74 1888 ὁ
93 1817 248 1909 Χρομίος
269 1820 380 1887 πολλὰ
403 1819 615 1913 συμπονήσας
636 1823 683 1909 τῷ
698 1817 821 1910 Ἱέρωνι
838 1819 922 1887 κατὰ
943 1819 1000 1910 τήν
1021 1815 1119 1910 ἀρχήν
1140 1813 1238 1906 άμοι-

59 1937 112 2023 βῆς
134 1929 245 2014 ἔτυχεν
266 1929 304 2014 έξ
325 1926 430 2016 αὐτοῦ,
453 1931 532 2012 dicre
555 1931 591 2000 ἐκ
614 1929 805 2020 περιουσίας
819 1931 877 1998 καὶ
898 1928 1160 2020 ίπποτροφήσαι.
1194 1929 1238 2010 ὡς

59 2037 108 2111 οἷον
139 2034 236 2122 οὗτος
267 2039 419 2110 έπαθλον
451 2041 547 2130 ἔλαβε
584 2041 695 2110 πόνων
730 2044 786 2134 τήν
815 2040 1027 2132 ἐπιφάνειαν,
1065 2039 1148 2109 οὕτω
1183 2043 1241 2111 καὶ

56 2151 215 2246 Ἡρακλῆς
244 2154 354 2221 πολλὰ
383 2152 653 2245 ταλαιπωρήσας,
683 2153 834 2222 ἔπαθλον
864 2151 936 2238 έσχε
967 2153 1022 2242 τὴν
1052 2149 1240 2222 ἀθανασίαν

57 2267 110 2333 καὶ
127 2266 187 2333 τὸν
203 2262 307 2351 γάμον
317 2263 493 2357 τῆςἭβης.
516 2269 566 2334 cui
578 2288 639 2335 uon
651 2270 759 2350 inepte
771 2269 959 2335 adversatur
970 2268 1152 2351 scholiasta,
1169 2289 1240 2335 cum

60 2380 175 2446 addat:
200 2375 258 2443 καί
280 2377 365 2466 πρὸς
387 2383 503 2446 τοῦτον
517 2377 554 2444 δέ
569 2374 691 2445 ἔνεστιν
706 2375 831 2444 εἰπεῖν·
853 2375 888 2444 τί
902 2375 1023 2466 δήποτε
1039 2373 1057 2444 ὁ
1072 2373 1240 2467 Πίνδαρος

60 2485 192 2578 ἰδιώτην
222 2487 367 2554 ἐπαινῶν
396 2489 452 2578 τὴν
484 2493 541 2556 τοῦ
562 2485 760 2578 Ἡρακλέους
792 2487 960 2576 παρέλαβε
993 2488 1165 2576 συμφορὰν
1194 2487 1241 2568 εἷς

61 2598 225 2682 ἐπίδειξιν
246 2605 303 2690 τής
325 2597 544 2688 φιλοπονίας;
574 2601 700 2686 μᾶλλον
728 2598 789 2688 γάρ
821 2597 887 2668 ἔδει
910 2597 1093 2688 κοινότερον
1116 2597 1243 2680 πάντας

61 2711 135 2791 τοὺς
158 2707 287 2789 άθλους
309 2707 356 2790 εἷς
379 2708 564 2798 ὑπόμνησιν
586 2705 733 2798 ἀγαγεῖν,
763 2708 814 2778 ὅτι
844 2708 993 2800 καθήρας
1021 2716 1078 2801 μήν
1099 2710 1155 2778 καὶ
1173 2709 1242 2778 θά-

60 2824 186 2891 λασσαν
207 2815 400 2912 ἀπεθεώθη.
425 2823 463 2890 cf.
486 2824 608 2890 Dissen.
630 2844 661 2907 p.
683 2823 756 2890 357.
780 2860 822 2872 -

144 2941 244 3018 atque
273 2936 430 3002 hactenus
461 2935 562 3002 oratio
585 2935 753 3002 Chaeridis
775 2935 1072 3002 commentariorum
1091 2937 1242 3019 reliquias

60 3047 231 3130 percurrit.
269 3053 344 3112 ante
372 3065 448 3113 vero
471 3065 565 3129 quam
590 3045 684 3112 finem
707 3046 780 3114 huic
803 3047 1013 3130 disputationi
1034 3049 1245 3131 imponamus,

61 3158 210 3241 quoniam
232 3157 321 3223 haud
343 3177 417 3224 raro
439 3153 553 3244 Χάρης
575 3177 685 3225 nomeu
708 3177 766 3241 pro
788 3139 897 3224 nostro
913 3158 977 3241 legi
999 3160 1031 3224 in
1053 3160 1145 3226 libris
1161 3161 1243 3226 vidi·

62 3288 151 3352 mus,
179 3269 212 3334 in
234 3268 317 3334 hauc
338 3289 406 3336 rem
427 3270 540 3352 paucis
562 3271 659 3336 etiam
681 3270 772 3336 uobis
793 3269 1016 3354 inquirendum
1038 3271 1111 3336 erit.
1148 3276 1245 3354 atque

61 3381 120 3447 hoc
164 3380 338 3462 spondeam
369 3381 515 3447 omnibus
546 3400 624 3464 quos
654 3380 760 3447 adhuc
790 3381 886 3446 attuli
914 3380 991 3448 loeis
1027 3401 1126 3448 uuum
1156 3381 1247 3448 illum

63 3491 255 3559 (lhaeridem
278 3491 376 3572 innui,
398 3496 432 3560 et
453 3510 583 3574 prorsus
605 3511 666 3558 non
689 3511 769 3573 esse,
795 3510 853 3558 cur
873 3491 936 3557 huc
957 3491 1072 3560 illucve
1094 3493 1247 3560 admitta-

63 3623 134 3671 mus
157 3595 305 3688 Χάρητα.
342 3622 379 3669 ac
400 3603 465 3668 iam
486 3603 591 3670 fateor
612 3604 657 3670 sie
680 3623 731 3670 me
746 3603 930 3670 existimare
946 3603 1117 3670 Charetem
1141 3624 1247 3686 gram-

63 3715 218 3782 maticum
240 3714 367 3780 omnino
389 3733 450 3781 nou
471 3714 579 3798 fuisse,
602 3717 659 3782 sed
681 3715 800 3798 ubique
821 3733 879 3798 pro
898 3735 934 3781 eo
952 3715 1119 3782 Chaeridis
1133 3734 1247 3781 nomeu

64 3825 293 3909 reponendum.
330 3831 454 3892 restant
475 3826 558 3892 euim
581 3827 644 3894 duo
667 3831 794 3893 tautum
808 3825 879 3905 loci,
900 3827 956 3892 ubi
978 3825 1119 3892 ‘Chares’
1142 3845 1249 3910 gram-

66 3937 204 4004 matious
226 3937 416 4004 nominatur.
460 3956 594 4021 quorum
623 3939 706 4004 alter
734 3945 784 4004 est
806 3938 890 4004 Sext.
912 3937 1033 4019 Empir.
1055 3938 1127 4004 adv.
1149 3936 1249 4002 math.

66 4051 105 4115 81
131 4068 163 4131 p.
187 4049 261 4130 616,
293 4049 333 4114 12
354 4049 472 4114 Baka:
500 4042 615 4135 Χάρης
636 4045 674 4113 δέ
695 4044 729 4112 έν
750 4050 797 4136 τῷ
819 4042 942 4132 πρώτῳ
965 4043 1042 4128 περὶ
1062 4067 1250 4132 γραμματι-

70 4159 130 4250 κῆς
152 4155 210 4247 τὴν
230 4154 357 4224 τελείαν
379 4156 459 4245 φησὶ
480 4155 704 4246 γραμματικήν
734 4154 803 4240 ἕξιν
835 4149 918 4222 εἶναι
951 4149 1020 4222 άπὸ
1046 4154 1156 4244 τέχνης
1177 4155 1251 4222 δια-

67 4266 249 4356 γνωστικήν
270 4268 335 4335 τῶν
356 4263 440 4359 παρ’
464 4264 593 4358 Ἕλλησι
623 4269 742 4336 λεκτῶν
769 4267 825 4334 καὶ
851 4268 977 4356 ’νοητῶν
1005 4265 1065 4334 ἐπὶ
1097 4266 1135 4336 τὸ
1157 4261 1252 4356 άκρι-

1030 4388 1047 4444 5
