2962 4812
127 1007 325 1109 Aristarchi
342 1039 566 1124 Samothracis,
582 1061 674 1126 quern
690 1041 804 1108 vixisse
818 1044 991 1125 probabilis
1007 1045 1049 1110 M.
1066 1045 1235 1112 Schmidtii

55 1149 229 1225 computus
257 1143 355 1210 elficit
384 1144 456 1208 iude
483 1145 523 1210 ab
547 1145 596 1210 Ol.
620 1144 691 1223 142,
713 1146 735 1210 4
756 1162 857 1226 usque
887 1147 928 1209 ad
954 1147 1089 1230 1591160
1102 1149 1142 1230 ¹),
1171 1151 1237 1215 dis·
1333 1191 1334 1202 .

55 1255 176 1335 cipliua
203 1273 240 1320 00
269 1253 486 1320 familiaritate
517 1255 596 1321 satis
625 1256 741 1321 multos
773 1273 845 1320 usos
876 1275 944 1322 esse
975 1263 1100 1322 constat
1131 1277 1235 1338 gram-

56 1365 209 1442 maticos,
240 1364 293 1445 qui
324 1384 384 1429 non
415 1365 514 1430 solum
547 1367 690 1448 magistri
713 1367 941 1434 sententiarum
973 1369 1026 1450 pia
1048 1366 1110 1434 lide
1132 1387 1237 1434 serva-

54 1479 161 1539 tarum
183 1475 363 1558 gravissimi
386 1481 485 1542 testes
507 1479 698 1543 exstiterunt
720 1479 964 1561 posterioribus,
993 1478 1139 1561 inprimis
1161 1481 1235 1544 Ari-

55 1587 195 1664 stonico,
217 1585 372 1668 Didymo,
393 1586 557 1669 Nicanori,
583 1588 782 1669 Herodiano,
805 1609 914 1655 verum
941 1591 1036 1656 etiarn
1064 1589 1236 1658 observata

57 1697 98 1759 ab
121 1696 176 1760 illo
198 1715 331 1779 augere,
365 1697 508 1780 firmare,
539 1699 697 1781 corrigere
719 1701 817 1766 alacri
839 1701 1010 1766 certamine
1032 1701 1234 1766 studuerunt.

57 1826 222 1874 numerum
253 1817 358 1874 autem
389 1827 496 1875 eorum
529 1808 595 1874 fere
618 1811 832 1893 quadraginta
864 1811 962 1878 fuisse
985 1810 1100 1878 Suidas
1133 1813 1235 1877 tradit

56 1935 79 1980 s,
105 1911 382 2006 1.Ἀρίσταρχος;
405 1959 447 1969 -
469 1919 619 2007 μαθηταὶ
642 1920 678 1985 δὲ
700 1916 796 1986 αὐτοῦ
818 1920 1036 2007 γραμματικοὶ
1060 1920 1136 2010 περὶ
1158 1924 1233 2000 τοὺς

56 2023 91 2112 μ’
114 2026 258 2112 ἐγένοντο
271 2031 312 2114 ²).
358 2033 412 2098 sed
436 2032 470 2096 hi
500 2033 636 2098 multum
658 2033 748 2099 abest
771 2039 808 2098 ut
830 2051 937 2098 omnes
959 2053 976 2098 c
998 2034 1126 2099 disertis
1148 2040 1234 2100 vete-

56 2159 125 2204 rum
150 2143 340 2208 testimoniis
356 2143 446 2208 uobis
469 2143 535 2206 noti
558 2143 640 2223 sint;
663 2143 826 2209 nonnullos
842 2143 957 2208 Suidas
979 2143 1069 2208 nobis
1083 2146 1235 2228 prodidit,

57 2269 176 2333 paucos
198 2253 254 2318 alii
283 2255 472 2336 scriptores:
507 2271 585 2334 quos
607 2273 748 2320 summae
780 2256 864 2322 inter
886 2255 1118 2338 condiscipulos
1137 2255 1234 2320 fuisse

57 2364 261 2429 auctoritatis
293 2371 405 2446 sponte
427 2371 528 2448 patet.
572 2370 711 2432 ceterum
741 2371 838 2431 utne
867 2367 918 2432 his
940 2368 1067 2448 quidem
1090 2366 1234 2431 omnibus

57 2475 196 2538 virorum
230 2477 394 2543 doctorum
418 2479 471 2560 qui
494 2482 605 2543 nostra
626 2477 740 2542 florent
762 2482 870 2543 aetate
903 2479 993 2544 crisis
1015 2495 1052 2542 ac
1075 2477 1233 2543 dubitatio

57 2586 218 2667 pepercit,
241 2605 310 2652 cunr
336 2590 434 2654 certis
457 2590 496 2653 de
519 2588 638 2653 caussis
660 2589 744 2654 hunc
766 2587 896 2652 illumne
920 2587 1097 2654 Aristarchi
1122 2607 1139 2652 e
1161 2607 1233 2654 con·

56 2695 200 2762 tubernio
222 2699 445 2764 secludendum
469 2703 679 2780 putaverunt;
703 2699 750 2764 ita
773 2698 829 2764 alii
850 2697 979 2763 fuerunt
1002 2697 1071 2763 aevi
1095 2699 1231 2763 Alexan-

58 2806 139 2872 drini
168 2811 387 2891 grammatici,
419 2829 608 2894 quamquam
642 2811 681 2874 ab
710 2809 788 2890 ipsis
810 2809 971 2874 veteribus
1000 2809 1039 2872 ob
1063 2809 1157 2874 istam
1181 2812 1232 2874 di-

56 2919 220 3000 sciplinam
237 2939 296 2985 non
313 2922 496 3004 collaudati,
520 2941 597 3004 quos
612 2927 645 2985 et
667 2922 844 2986 studiorum
860 2919 982 2985 indoles
1006 2923 1039 2983 et
1053 2924 1231 3002 temporum

48 3031 136 3122 ¹nitio
164 3032 327 3113 iniungere
349 3033 395 3097 illi
418 3040 565 3100 catervae
587 3033 757 3099 videretur.
802 3031 927 3114 quade
950 3048 1062 3095 caussa
1083 3031 1231 3113 equidem

57 3143 181 3208 omniuo
211 3143 242 3209 in
265 3143 324 3210 1100
346 3163 445 3225 genus
468 3145 631 3210 literarum
654 3144 681 3208 si
704 3143 780 3225 quid
803 3141 916 3207 afferre
938 3141 1036 3221 111010,
1058 3143 1230 3225 0111011111-

55 3254 130 3334 quid
153 3256 258 3322 adhuc
280 3257 320 3320 de
342 3257 402 3322 hac
424 3255 531 3320 schola
552 3255 699 3334 innotuit,
734 3272 903 3334 congerere
926 3273 963 3320 ac
986 3270 1148 3318 recensere
1172 3273 1230 3320 nec

56 3384 115 3429 non
138 3366 323 3447 quantulum
354 3375 465 3448 potero
492 3365 633 3433 conferre
666 3365 736 3430 novi
768 3365 859 3429 uinus
881 3383 950 3445 ero,
972 3383 1086 3446 parum
1109 3384 1229 3445 vereor,

143 3539 171 3614 l)
193 3560 221 3599 v.
244 3540 352 3598 Philol.
376 3541 437 3600 VII
459 3563 487 3620 p.
513 3547 572 3598 366
598 3559 661 3619 sqq.

139 3640 169 3717 2)
191 3643 218 3700 J.
242 3643 367 3719 Matter,
395 3645 478 3703 Essai
501 3643 668 3720 historique
699 3661 749 3700 sur
777 3625 889 3700 l’hioole
919 3637 1146 3711 d'hlexandrie,
1169 3647 1189 3700 t.
1213 3641 1230 3699 I

56 3764 83 3820 p.
102 3747 174 3802 los:
196 3745 392 3826 „Aristar-que
413 3747 564 3823 comptuit,
587 3765 646 3803 non
671 3763 724 3820 pas
748 3747 891 3822 quarente
907 3743 1067 3815 auditeurs,
1091 3761 1123 3802 ce
1146 3763 1230 3801 nom·

56 3847 107 3904 bre
137 3847 227 3905 serait
255 3868 313 3925 peu
345 3849 563 3922 considerable,
603 3847 677 3905 mais
708 3851 851 3925 quaranta
885 3845 1036 3922 disciples,
1078 3845 1129 3922 qui
1159 3864 1228 3921 pro·

54 3930 197 4008 iessbrent
219 3969 265 4009 ses
287 3951 437 4031 principes
460 3952 496 4009 de
518 3951 654 4028 critique,
678 3969 724 4007 000
746 3947 877 4007 theorica
900 3947 1164 4022 grammaticales.“
1187 3981 1228 3991 -

56 4053 177 4110 eundem
210 4073 364 4112 numerum
394 4054 535 4128 indagare
565 4052 621 4110 sibi
655 4051 737 4112 visus
775 4056 819 4108 001
851 4051 890 4107 Μ.
921 4049 1069 4122 Schmidt,
1105 4049 1228 4126 Didymi

55 4155 185 4227 fragmm.
208 4175 236 4232 p.
261 4160 330 4228 333,
364 4156 441 4232 apud
466 4157 574 4214 Athen.
597 4154 630 4213 II
651 4175 680 4230 p.
705 4155 740 4212 71
767 4154 810 4225 B.,
843 4153 893 4211 ubi
917 4158 1018 4211 censet
1039 4172 1093 4229 pro
1118 4142 1160 4220 εἷς
1186 4143 1228 4208 crin

54 4256 112 4313 τῶν
133 4249 325 4335 Ἀριστάρχου
348 4259 401 4316 1οὖ
421 4257 624 4337 γραμματικοῦ
645 4255 791 4332 μαθητῶν
807 4257 933 4314 fortasse
954 4254 1112 4329 legendum
1137 4287 1173 4297 -
1198 4243 1227 4328 μ’

54 4361 201 4436 μαθητῶν.

1006 4463 1019 4516 l
