2962 4812
726 205 938 270 ..g-

243 375 341 450 aique
372 372 458 450 apud
489 370 619 436 Suidam
650 372 776 452 quidem
800 373 920 454 1‚285‚
951 375 971 440 8
993 377 1033 440 de
1056 395 1093 440 eo
1105 379 1133 454 ¹)
1160 376 1239 442 haec
1260 375 1449 458 leguntur:

237 472 429 564 Ἀμμώνιος
455 474 662 566 Ἀμμωνίου,
694 475 943 571 Ἀλεξανδρεύς,
963 479 1228 572 Ἀλεξάνδρον)
1252 481 1448 572 γνώριμος,

242 583 279 668 ὃς
301 588 357 656 καὶ
379 590 546 672 διεδέξατο
577 590 634 679 τὴν
667 591 783 683 σχολὴν
800 589 1026 683 Ἀριστάρχου,
1051 594 1117 681 πρὸ
1138 599 1194 662 τοῦ
1217 597 1447 685 μοναρχῆσαι

243 699 299 768 τὸν
320 697 523 786 Αὔγουστον.
568 705 647 772 haec
670 706 786 774 Suidae
808 707 876 773 sola
897 709 925 772 si
948 708 1144 790 respicimus,
1166 730 1226 775 non
1248 710 1323 776 inde
1346 712 1446 775 Am-

243 816 381 880 monium
404 817 620 899 cognoscimus
642 817 704 882 nisi
729 817 967 884 Aristarcheum
998 819 1115 902 quique
1137 820 1263 888 scholae
1286 821 1326 885 ab
1349 821 1446 886 Ari-

243 928 372 992 starcho
402 927 570 994 institutae
590 925 765 1008 praefuerit
794 934 869 995 ante
891 931 1030 1012 Augusti
1053 935 1206 1012 tempora.
1251 939 1288 996 ut
1309 932 1444 998 Fabri-

244 1039 330 1119 cius,
362 1037 479 1104 Suidae
502 1038 604 1103 locum
627 1057 697 1104 cum
720 1041 833 1104 vertit:
856 1077 916 1121 „-
941 1042 1116 1107 Alexandri
1138 1042 1314 1124 discipulus
1335 1047 1371 1107 et
1402 1045 1444 1108 in

244 1147 352 1214 schola
375 1149 562 1229 Aristarchi,
585 1148 693 1230 paullo
714 1157 789 1216 ante
812 1153 950 1233 Augusti
971 1153 1150 1236 imperium,
1172 1155 1367 1220 successor.“
1398 1163 1444 1219 at

244 1261 308 1325 ieta
330 1279 391 1324 non
414 1259 577 1326 sufficiunt
598 1261 641 1326 ad
664 1261 800 1328 hominis
822 1268 961 1330 aetatem
977 1265 1261 1331 determinandum.
1305 1265 1443 1330 etenim

245 1370 353 1436 scholl.
375 1371 412 1435 Il.
427 1371 505 1437 Van.
521 1390 592 1437 cum
608 1371 727 1438 diserte
744 1392 816 1438 eum
831 1375 1011 1443 Aristarchi
1033 1376 1197 1458 discipulis
1213 1383 1442 1440 annumerant

335 1614 364 1691 1)
387 1613 545 1691 praecipue
568 1614 604 1672 de
627 1633 678 1674 eo:
709 1615 863 1675 Fabricius
886 1617 922 1689 V,
947 1618 1016 1676 712.
1062 1616 1196 1689 Villoiso,
1228 1616 1364 1691 Prolegg.
1394 1617 1440 1674 11.

246 1716 355 1776 XXVI
385 1734 448 1795 sqq.
473 1717 617 1789 Becourd,
652 1717 756 1777 scholl.
781 1717 853 1778 Van.
886 1740 914 1796 p.
939 1725 988 1779 60.
1011 1725 1060 1778 61.
1105 1721 1149 1778 La
1181 1719 1291 1790 Rooha,
1321 1719 1358 1778 Η.
1398 1719 1439 1777 Τ.
1468 1767 1469 1782 .

246 1841 276 1896 p.
309 1825 348 1877 68
382 1837 445 1898 sqq.
491 1818 680 1879 Graefenhau
709 1822 734 1893 Ι,
767 1826 838 1880 401.
869 1822 911 1894 II,
946 1823 1033 1881 llis
1067 1827 1197 1881 ceterum
1234 1821 1284 1880 hia
1324 1821 1439 1880 nascio

248 1921 394 2000 quomodo
416 1921 447 1978 in
464 1922 570 1980 mirum
593 1941 723 1982 errorem
739 1923 854 1997 incidit,
879 1943 945 1984 cum
968 1929 988 1982 t
1013 1925 1045 1983 ll
1067 1944 1095 2000 p.
1113 1930 1163 1996 44,
1187 1925 1255 1983 dum
1277 1923 1314 1982 ad
1329 1923 1438 1998 ipsius
1468 1963 1469 1980 ι

248 2025 284 2082 de
306 2031 408 2083 nostro
439 2027 646 2085 adnotationes
667 2025 797 2099 relegat,
832 2026 868 2085 de
891 2026 1075 2086 ‘Ammonius
1098 2027 1164 2086 dem
1186 2021 1331 2100 Jiingarn'
1356 2027 1439 2086 Ari-

247 2127 355 2186 stonici
378 2127 496 2206 aequali
519 2127 645 2186 disserit

334 2229 365 2304 2)
387 2230 457 2289 inde
488 2229 593 2288 miram
615 2231 761 2290 Matterua
783 2229 841 2288 sibi
863 2229 954 2290 finxit
975 2229 1164 2308 opinionem,
1195 2213 1247 2290 llo.
1270 2226 1389 2289 d'Alex.
1418 2231 1437 2288 I

247 2353 275 2409 p.
297 2333 371 2392 179:
394 2367 453 2406 „—
470 2331 645 2391 Ammonius
668 2333 749 2393 avait
771 2331 903 2406 succede,
927 2354 963 2391 an
988 2331 1100 2412 qualite
1122 2333 1157 2391 de
1174 2333 1245 2391 chef
1263 2333 1300 2390 de
1320 2326 1435 2390 l’ecole
1467 2391 1468 2424 1

248 2433 466 2514 d'Ariatarque,
488 2455 526 2494 au
548 2435 757 2508 grammairian
781 2434 981 2496 Alexandre“.
1025 2436 1098 2494 item
1120 2434 1293 2506 Schoellius,
1316 2434 1433 2494 Gesch.
1467 2431 1468 2498 l

249 2537 276 2595 d.
300 2557 343 2610 gr.
366 2538 437 2597 Litt
461 2537 511 2595 11¹
538 2559 566 2614 p.
595 2540 667 2595 lll:
700 2537 908 2610 „Alexandrus
931 2539 991 2596 und
1014 2537 1190 2597 Ammonius
1212 2557 1271 2596 von
1293 2536 1433 2596 Alexan-

249 2639 333 2698 drian
362 2640 474 2714 folgten
505 2641 568 2697 ihm
592 2639 771 2717 [Aristarch]
792 2640 835 2698 als
862 2639 1000 2717 Hliupter
1030 2641 1128 2700 seiner
1156 2639 1291 2699 Schule“.
1336 2639 1433 2696 modo

250 2743 409 2814 dixissent,
442 2743 520 2802 unde
550 2747 669 2819 praeter
699 2741 728 2800 h.
751 2741 858 2802 Suidae
887 2741 906 2800 l.
935 2743 1086 2817 cognitum
1117 2743 1198 2802 hunc
1220 2741 1432 2801 Alexandrum

202 2839 204 2842 ’
249 2848 402 2906 haberent.
455 2844 657 2904 Alexandrum
688 2844 907 2920 Polyhistorem
945 2849 1120 2922 Anonymus
1158 2844 1237 2921 apud
1276 2843 1431 2903 Gaisford.

249 2949 411 3008 adnotante
433 2947 626 3024 Bernhardyo
656 2951 685 3004 et
707 2946 827 3006 Olinton
856 2947 920 3005 FH.
942 2946 994 3005 m
1015 2970 1043 3026 p.
1067 2952 1105 3005 95
1129 2946 1289 3007 voluerunt
1321 2947 1431 3004 innui:
1466 2939 1467 2962 ³

252 3051 330 3130 quod
345 3069 466 3128 prorsus
481 3048 679 3126 improbabile
695 3055 740 3108 eat
755 3069 820 3108 cum
833 3051 871 3108 ob
887 3056 1053 3126 temporum
1069 3050 1200 3108 rationes
1223 3049 1273 3126 (cf.
1289 3046 1432 3106 Mueller.

250 3151 342 3212 rhu.
366 3152 425 3225 ΠΙ,
450 3158 520 3211 206.
565 3153 605 3209 hl.
634 3151 777 3212 Schmidt.
801 3152 832 3209 in
856 3151 965 3210 Philol.
991 3151 1058 3225 VH,
1082 3151 1157 3226 366)
1179 3157 1241 3210 tum
1264 3151 1333 3231 quia
1356 3152 1431 3210 Gra-

250 3261 347 3315 teteus
374 3255 426 3313 ille
453 3254 518 3312 fuit.
565 3273 618 3327 ego
651 3253 725 3313 corti
748 3253 820 3332 quid
842 3254 978 3326 afferam,
1013 3277 1073 3314 non
1095 3257 1200 3314 habeo.
1244 3274 1282 3312 an
1305 3273 1430 3329 corrup·

249 3366 313 3419 tum
336 3359 414 3434 apud
438 3356 517 3416 Suid.
563 3347 756 3432 Ἀλεξάνδρου
787 3375 821 3416 ac
849 3357 1007 3431 legendum
1034 3350 1229 3434 Ἀριστάρχου
1258 3347 1429 3433 γνώριμος.Ρ

251 3484 297 3521 me
330 3466 409 3520 certe
439 3459 513 3518 mire
545 3477 661 3535 semper
682 3459 796 3530 habuit,
828 3461 885 3518 hoc
906 3459 1013 3536 ipsum,
1042 3459 1120 3539 quod
1143 3458 1318 3518 Ammonius
1340 3477 1428 3532 prae-

252 3565 371 3642 cipuum
400 3563 480 3622 inter
510 3562 662 3638 proximos
692 3562 859 3621 Aristarchi
888 3561 1048 3640 discipulos
1071 3561 1168 3620 tenuit
1199 3561 1312 3633 locum,
1346 3560 1427 3638 quod

252 3666 355 3726 scholl.
398 3665 434 3725 Il.
470 3665 541 3724 satis
564 3665 722 3737 evincunt,
755 3666 833 3741 apud
855 3663 935 3723 Suid.
979 3683 1084 3740 parum
1106 3663 1241 3723 indicari.
1285 3679 1320 3721 aa
1341 3681 1427 3738 prae-

252 3770 355 3829 sertim
389 3769 411 3826 si
448 3761 596 3845 γνώριμος
626 3767 702 3825 illud
732 3767 888 3826 reddemus
919 3762 1109 3843 ‘discipulus',
1141 3767 1171 3824 id
1206 3767 1284 3845 quod
1313 3764 1428 3823 faciunt

251 3873 424 3946 Fabricius,
447 3868 587 3942 Vilioiso,
609 3871 737 3942 Matter,
766 3869 855 3928 etiam
878 3869 1042 3946 suspectius
1065 3868 1182 3928 eveniet
1203 3867 1276 3927 illud
1297 3858 1423 3936 Ἀλεξάν-

252 3974 338 4054 δρου,
362 3973 441 4053 quod
469 3972 494 4030 ai
515 3973 548 4030 in
568 3964 761 4048 Ἀριστάρχου
783 3972 952 4044 mutaveris,
975 3971 1025 4028 acl
1054 3972 1133 4050 quod
1155 3971 1290 4050 sequitur
1311 3971 1342 4028 in
1364 3969 1425 4045 ple-

252 4079 367 4138 niorem
399 4075 487 4134 simul
519 4095 637 4133 sensum
667 4073 833 4150 aptaveris,
866 4092 1043 4153 quamquam
1074 4072 1214 4132 nimirum
1244 4073 1287 4131 sic
1309 4090 1425 4151 quoque

251 4180 387 4254 intellegi
419 4177 638 4237 concedendum
667 4182 720 4235 est.
763 4168 956 4252 Ἀλεξάνδρου
985 4180 1084 4234 autem
1117 4194 1205 4254 quam
1235 4174 1322 4233 facile
1345 4175 1422 4233 nasci

252 4283 385 4359 potuerit
414 4283 482 4358 post
510 4265 634 4339 verbnm
663 4271 875 4356 Ἀλεξανδρεύς,
906 4283 1012 4354 sponte
1034 4281 1125 4354 patet.
1170 4276 1220 4335 sad
1242 4281 1276 4335 ut
1297 4276 1359 4336 dixi
1382 4276 1423 4333 nil

253 4384 325 4444 certi
349 4389 479 4444 abluere
501 4382 604 4441 audeo.
