2962 4812
570 171 880 242 -41-.

74 338 225 406 Nicanor
240 346 396 408 testatur:
420 379 459 386 —
482 339 519 407 τὸ
543 339 580 407 δὲ
603 334 737 427 ἀκίχητα
753 360 835 428 φασι
852 335 1075 405 Ποσειδώνιον
1097 339 1153 406 τὸν
1172 336 1266 430 Ἀρι-

76 447 228 534 στᾶρχου
256 445 461 542 ἀναγνωστην
482 457 554 532 τοῖς
576 449 650 542 ἑξῆς
678 449 871 542 προςνέμειν
892 450 950 518 καὶ
970 451 1027 519 τὸν
1044 447 1263 542 Ἀρίσταρχον

76 555 315 644 ἀποδέχεσθαι
331 565 372 650 1).

176 677 315 743 eiusdem
331 695 400 743 esse
416 677 577 743 Posidonii
593 678 731 744 arbitror
743 679 774 762 ²)
797 684 831 744 et
853 678 969 744 librum
986 675 1065 765 περὶ
1080 675 1268 761 συνδέσμων

1 857 2 862 ,
77 788 260 854 excitatum
282 789 322 854 ab
338 787 505 872 Apollonio
527 789 567 854 de
587 789 676 871 conj„
699 789 797 856 Bekn.
812 790 872 854 An.
887 789 961 868 480,
983 796 1016 854 et
1038 808 1120 872 quae
1141 789 1269 854 exhibet

77 901 185 966 senor.
207 897 352 982 sporron.
375 901 477 966 onon.
499 901 541 982 11,
557 884 640 966 roo:
664 939 706 948 -
727 897 812 966 κατὰ
827 897 864 966 οὲ
879 895 1102 966 Ποσειδώνιοι
1123 898 1161 965 ιο
1183 894 1267 965 οπο-

1 1025 2 1106 η
80 1007 181 1076 κάτω
201 1011 266 1075 τῶν
287 1013 345 1076 τοῦ
367 1009 472 1088 ποδὸς
493 1007 659 1076 δακτύλων
673 1009 736 1094 λὰξ
750 1011 900 1076 καλεῖται
923 1032 931 1048 ·
955 1007 1038 1077 οὕτω
1061 1009 1122 1097 γὰρ
1146 1009 1269 1088 ἐκεῖνος

1 1139 2 1142 ’
81 1119 252 1208 ἐξηγεῖται
274 1120 331 1187 καὶ
353 1120 391 1188 τὸ
413 1115 489 1206 παρ’
506 1118 638 1210 Ὁμήρῳ
660 1122 723 1204 λὰξ
746 1149 782 1188 ιτ.
806 1145 835 1188 κ.
874 1124 930 1188 sed
953 1123 1066 1188 dubito
1089 1123 1128 1188 de
1151 1123 1202 1188 Et.
1225 1123 1267 1188 M.

1 1223 2 1230 ἵ
82 1235 170 1313 645,
192 1234 278 1316 52³)
303 1231 420 1319 Ὁψίςε
443 1230 502 1312 Ὡς
523 1232 583 1318 μὲν
605 1229 841 1315 Ποσειδώνιος,
865 1231 956 1321 παρὰ
978 1231 1017 1298 τὸ
1038 1229 1152 1314 inco,
1177 1229 1266 1318 ἅψιο,

82 1340 175 1429 ἆψίς
194 1367 247 1422 τις
270 1335 368 1426 οὖσα,
402 1340 514 1434 ηφῶς
545 1343 730 1430 ἐμποιοῦσα
752 1343 808 1410 καὶ
829 1340 1075 1430 καταογάζουσα
1097 1347 1161 1408 τῶν
1182 1339 1267 1410 ὓπο-

80 1453 244 1540 κειμένων
273 1452 415 1537 ἕκαστα,
447 1452 492 1534 ὡς
522 1459 588 1545 πῦρ
617 1495 656 1504 -
688 1477 769 1541 quaa
791 1457 1016 1540 philosophit)
1047 1461 1179 1538 possunt
1201 1475 1269 1521 esse

1 1609 2 1612 =
81 1565 376 1652 ε’τυμολογοῦντος;
407 1569 483 1634 item
507 1569 547 1633 de
568 1569 665 1634 schol.
688 1573 726 1632 X
744 1568 822 1648 325,
845 1568 899 1634 uhi
922 1573 1064 1633 nostrum
1087 1568 1174 1632 innui
1198 1587 1268 1632 cen-

1 1679 2 1682 ’
81 1699 157 1745 sere
180 1679 312 1744 inclinat
333 1679 454 1762 Papius
475 1681 507 1745 in
530 1680 589 1746 lex.
612 1699 694 1747 nom.
716 1699 823 1762 propr.
848 1717 889 1726 -
921 1685 1061 1746 ceterum
1087 1698 1115 1744 v.
1138 1679 1185 1744 La
1205 1679 1268 1744 Ro·

82 1791 206 1870 chium,
228 1787 269 1855 H.
292 1790 327 1858 Τ.
352 1792 400 1856 72.
425 1793 474 1858 73.

490 2019 597 2092 xm.
644 2017 870 2111 Satyrus5).

175 2228 310 2294 Photius
324 2229 407 2296 Bibl.
419 2231 487 2296 cod.
502 2230 583 2296 CXC
596 2251 627 2313 p.
641 2228 701 2296 151
714 2231 758 2295 B:
775 2225 918 2314 Σάτυρος
933 2223 1178 2315 ὁἎριστοῖρχοο
1188 2223 1269 2313 γνώ-

1 2393 2 2422 ,
84 2363 188 2426 ριμος
209 2342 298 2426 Ζῆτα
319 2336 468 2406 ἐκαλεῖτο
501 2341 557 2406 διὰ
578 2339 616 2408 τὸ
640 2339 809 2430 ζητητικόν
830 2334 937 2407 αὐτοῦ.
983 2343 1023 2408 de
1054 2341 1113 2408 hoo
1143 2340 1269 2405 homine

1 2501 2 2522 ι
82 2455 225 2537 ingenue
256 2451 469 2535 profitendum
499 2455 544 2519 nil
574 2454 654 2520 certi
684 2461 838 2520 constare.
883 2455 914 2518 in
945 2456 1025 2520 duas
1055 2453 1137 2520 enirn
1172 2453 1211 2518 de
1233 2472 1270 2519 eo

83 2565 149 2630 viri
184 2565 271 2629 docti
300 2565 467 2632 discedunt
488 2567 659 2648 opiniones.
702 2585 815 2648 nempe
846 2585 903 2647 per
931 2584 967 2632 se
995 2565 1089 2632 facile
1118 2565 1270 2630 memoria

84 2677 208 2757 inrepit
223 2676 331 2759 Satyri
352 2677 537 2760 philosophi
558 2678 760 2762 peripatetici
782 2673 864 2761 βίων
885 2677 971 2743 illius
985 2675 1124 2742 auctoris
1141 2675 1270 2741 Laertio

1 2809 2 2816 ¹
85 2787 225 2868 Diogeni
247 2793 279 2853 et
303 2788 466 2854 Athenaeo
489 2790 645 2871 usurpati.
678 2790 732 2870 qui
754 2808 825 2856 eum
848 2807 928 2854 saec.
945 2808 973 2852 a.
990 2788 1064 2854 Chr.
1082 2787 1114 2851 II
1134 2785 1201 2852 tare
1223 2787 1265 2852 in.

87 2898 236 2964 floruisse
258 2899 421 2980 putandus
443 2901 495 2978 sit,
517 2900 568 2965 vel
590 2902 633 2965 ad
655 2900 825 2965 maximum
852 2899 944 2966 initio
966 2898 1055 2982 regni
1077 2897 1268 2964 Philometo-

1 3063 2 3076 .
87 3012 135 3076 ris
160 3008 202 3094 (r.
218 3011 327 3074 Laert.
342 3011 433 3092 Diog.
457 3011 545 3092 VIII,
567 3011 609 3078 40
632 3011 669 3078 cl.
685 3010 772 3076 Soio.
796 3031 820 3077 s.
836 3031 865 3077 v.
883 3005 1095 3098 Ἡρακλείδης
1114 3002 1268 3095 Ὀξυρυγ-

1 3173 2 3206 ,
84 3117 212 3206 χίτης),
241 3121 424 3188 Aristarchi
455 3122 622 3189 familiaris
647 3123 761 3203 fuisse,
793 3141 854 3188 non
884 3122 1058 3205 discipulus
1079 3120 1195 3204 potest.
1238 3126 1270 3186 et

180 3421 207 3492 1)
231 3436 305 3497 quae
327 3417 452 3477 invertit
474 3419 610 3478 Eustath.
635 3423 726 3493 1096,
752 3423 807 3478 14:
839 3407 1036 3484 Ποσειδώνιος
1058 3410 1105 3488 δέ,
1128 3429 1228 3490 φασιν,
1252 3405 1270 3472 o‘

86 3514 128 3582 Ἀ.
155 3511 273 3599 ἄναγνα,
304 3513 382 3578 οὕτω
412 3515 488 3598 λέγει
511 3538 518 3552 ·
541 3513 578 3578 ori
600 3515 653 3596 μὲν
684 3508 741 3579 ὦδε
769 3516 850 3590 θέεις
880 3513 1004 3596 ἀκίχητα
1028 3536 1034 3550 ·
1058 3507 1119 3574 εἶτα
1151 3510 1269 3576 διώκων

89 3622 207 3691 ἵππους
229 3619 387 3696 Αἰακίδαο,
411 3619 461 3682 καὶ
484 3615 536 3681 τόν
555 3617 744 3702 Ἀρίσταρχον
768 3614 965 3699 ἀποδέχεσθαι
987 3615 1045 3680 asi.

177 3725 210 3804 2)
233 3745 299 3785 oum
322 3725 474 3800 Muellero‚
498 3726 590 3786 FHG.
612 3727 663 3786 III
685 3746 715 3803 p.
739 3731 810 3786 249.

178 3829 212 3905 3)
241 3829 278 3886 ad
304 3828 469 3888 Aristarchi
500 3827 641 3889 lectorem
671 3830 764 3890 refert
794 3827 964 3888 Gaisfordus
992 3826 1025 3884 in
1053 3825 1114 3886 ind.
1146 3825 1268 3903 scripit,

1 3951 2 4016 η
86 3933 162 3993 item
184 3931 394 4010 Bernhardyus
415 3930 448 3989 in
469 3931 569 3992 adnot.
591 3933 629 3990 ad
651 3929 731 3991 Soio.
754 3931 795 4005 11,
820 3935 848 4004 2,
870 3951 899 4006 p.
923 3929 994 4003 376,
1018 3934 1045 3988 8.

1 4035 2 4038 ’
177 4033 209 4107 4)
232 4033 318 4092 Bahii
341 4034 377 4092 de
399 4033 561 4094 Posidonio
582 4034 660 4094 libor
681 4034 753 4092 mihi
776 4053 836 4092 non
859 4039 975 4109 proesto
997 4031 1063 4090 fuit.

179 4135 209 4212 5)
234 4155 259 4194 v.
283 4135 480 4196 Graefenhao.
502 4138 527 4212 Ι,
551 4143 629 4208 400;
653 4137 703 4215 qui
727 4135 850 4212 etipse,
874 4139 1017 4216 quantum
1039 4153 1078 4191 ox
1101 4133 1164 4191 eius
1179 4133 1267 4191 silen-

1 4319 2 4338 η
87 4241 131 4300 tio
157 4238 299 4312 conicias,
333 4238 482 4298 diversum
505 4239 669 4301 Aristarchi
693 4237 869 4315 discipulum
890 4258 908 4296 a
929 4235 1122 4314 peripatetico
1155 4236 1266 4308 statuit,

1 4349 2 4382 t
87 4344 125 4403 ef.
150 4341 274 4400 eundem
295 4341 338 4413 11,
360 4358 389 4416 p;
414 4345 482 4406 196.
