2962 4812
669 151 881 214 ..40-

188 315 329 408 στάρχοο
358 316 509 408 μαθητής
541 358 589 384 -.
618 321 673 384 sed
703 323 744 386 de
773 321 832 387 hoc
862 321 988 386 homine
1010 321 1089 386 certi
1112 320 1190 386 nihil
1213 319 1378 386 habemus

187 437 399 516 compertum
422 449 614 516 quamquam
639 433 828 496 mentionem
851 433 919 498 eius
941 431 1011 498 fieri
1032 433 1065 498 in
1088 431 1217 498 scholiis
1236 431 1377 497 Pindari

186 544 395 626 probabiliter
418 544 534 609 statuit
557 542 735 608 Boeckhius
758 542 860 608 Praei.
883 563 913 624 p.
936 544 1009 609 XV:
1041 543 1136 610 schol.
1159 543 1209 608 Ol.
1232 544 1285 622 Π,
1317 544 1373 608 16.

190 655 304 721 Iethm.
326 655 389 736 IV,
422 656 499 733 104,
526 660 700 738 propterea
721 655 806 738 quod
829 655 883 738 qui
906 655 1011 735 priore
1033 654 1086 720 illo
1109 656 1141 720 in
1164 655 1263 720 schol.
1287 671 1379 718 com-

189 774 282 849 paret
303 768 502 833 Menecrates
525 767 728 832 Artemonem
752 767 1000 848 Pergamenum,
1024 784 1095 832 cum
1119 766 1306 832 Aristarcho
1329 767 1382 832 sit

189 878 365 960 oblocutus,
387 878 589 944 vehomenter
611 879 755 960 increpat
770 882 815 958 1);
850 871 1060 962 Μενεκράτης
1091 874 1127 942 δέ
1154 897 1236 962 φησι
1265 876 1383 964 ληρεῖν

189 986 247 1054 τδν
266 981 451 1074 Ἀρτέμονα
472 983 538 1053 und.
562 988 617 1067 (cl.
636 989 773 1054 Boeckh.
796 988 887 1070 Expl.
906 990 988 1067 120).
1012 991 1096 1070 quod
1112 989 1140 1052 si
1153 989 1201 1054 ita
1216 1007 1250 1053 se
1266 989 1383 1066 habet,

189 1101 223 1166 in
246 1100 378 1166 Pindari
401 1100 541 1165 carmina
564 1100 823 1164 commentarium
851 1099 1029 1165 condidisse
1062 1104 1170 1164 noster
1198 1101 1384 1166 censendus

191 1211 261 1276 erit.
300 1229 337 1277 ac
359 1209 494 1276 fortasse
515 1211 600 1277 idem
623 1211 663 1276 de
685 1211 822 1276 Nicaeae
849 1210 938 1276 urbis
969 1210 1104 1275 historie
1126 1210 1262 1293 scripsit.
1300 1229 1384 1276 nam

193 1341 275 1405 quae
297 1323 394 1388 schol.
416 1323 528 1387 Isthm.
550 1323 613 1404 IV,
642 1324 703 1388 104
725 1341 742 1386 e
764 1323 946 1387 Menecrate
968 1321 1163 1402 produntur,
1194 1323 1307 1386 eadem
1331 1322 1385 1387 sic

191 1433 285 1500 affert
316 1433 449 1500 Tuetzes
478 1435 510 1498 in
541 1434 696 1517 Lycophr.
728 1433 808 1500 662:
840 1427 1050 1518 Μενεκράτης
1080 1427 1097 1498 ὁ
1129 1429 1207 1517 περὶ
1229 1428 1382 1510 Νικαίας

190 1541 358 1631 γεγραφιδς
388 1537 548 1609 Ἀλκαῖόν
584 1564 665 1630 φησι
702 1539 862 1630 πρότερον
893 1543 1071 1608 καλεῖσθαι
1096 1537 1261 1629 Ἡρακλέα
1290 1538 1384 1624 κτέ.;

192 1657 379 1736 quibuscum
402 1655 440 1722 cf.
463 1656 626 1722 Plutarch.
650 1656 742 1722 Thes.
764 1657 822 1722 26;
853 1651 1062 1740 Μενεκράτης
1085 1651 1123 1719 δέ
1143 1677 1203 1735 τις,
1227 1650 1385 1743 ἱστορίαν

193 1763 271 1852 περὶ
293 1762 434 1844 Νικαίας
455 1771 512 1855 τῆς
534 1763 568 1831 έν
590 1762 735 1854 Βιθυνίᾳ
751 1761 879 1842 πόλεως
894 1762 1081 1842 ἐκδεδωκώς
1097 1760 1164 1832 aad.
1186 1785 1214 1831 v.
1229 1767 1386 1834 Mueller.

193 1877 292 1944 PHG.
321 1879 354 1942 II
382 1898 412 1961 p.
444 1879 508 1946 344
536 1899 603 1964 sqq.
648 1885 790 1947 ceterum
819 1881 858 1946 ob
887 1881 976 1946 illam
1004 1881 1108 1962 ipsam
1138 1899 1205 1946 rem
1233 1879 1386 1964 Vossius,

194 1987 269 2054 hist.
291 2007 338 2070 gr.
359 2009 390 2072 p.
412 1990 476 2058 468
499 1991 665 2076 Westerm.
681 1998 714 2057 et
730 1993 987 2058 Westermannus
1008 1991 1040 2056 iu
1056 1990 1170 2075 Paulyi
1193 1993 1258 2057 ER.
1282 1993 1382 2059 scho-

194 2099 239 2165 lia
260 2100 316 2166 illa
336 2101 506 2168 Pindarico
527 2123 588 2170 uon
612 2103 833 2184 Aristarcheo,
864 2105 921 2169 sed
948 2104 1088 2169 Xanthia
1118 2103 1294 2170 Menecrati
1317 2105 1382 2169 tri-

196 2211 307 2293 buunt,
330 2215 510 2278 Λυκιακῶν
531 2217 663 2282 auctori.
743 2231 748 2250 ·

604 2442 691 2514 m
728 2441 968 2514 Posidonius.

283 2623 472 2692 Posidonius
501 2627 727 2708 grammaticus
757 2625 936 2692 Aristarchi
964 2625 1063 2692 lector
1094 2625 1218 2692 duobus
1253 2626 1387 2693 scholiis

197 2733 275 2800 Ven.
298 2737 622 2803 Aoommemoratur:
644 2744 676 2801 Z
689 2737 751 2802 511
774 2738 815 2802 ab
827 2737 1006 2803 Aristonico
1028 2744 1062 2802 et
1085 2737 1164 2803 1²75
1178 2757 1198 2802 a
1213 2737 1386 2820 Nicanore,

200 2853 335 2927 utroque
351 2847 419 2914 loco
436 2849 567 2913 Homeri
584 2849 752 2930 interpres.
772 2848 869 2914 schol.
890 2855 921 2912 Z
931 2847 991 2913 511
1009 2843 1115 2934 ῥίμφα
1133 2843 1263 2932 byciae
1278 2845 1383 2936 φέρει]

198 2994 240 3004 -
263 2955 485 3037 Ποσειδώνιος
511 2957 548 3025 δὲ
572 2954 590 3026 ὁ
618 2952 823 3048 άναγνινστὴς
849 2951 1064 3045 Ἀριστάρχου
1091 2954 1165 3024 άνευ
1191 2956 1385 3046 διαιρέσεως

199 3067 238 3133 τδ
262 3075 287 3134 e
310 3069 420 3155 ψιλῶς
443 3069 654 3160 προφέρεται,
677 3069 852 3154 παρέλκειν
867 3064 946 3136 αάτδ
961 3068 1065 3154 λέγων
1087 3065 1132 3148 ὡς
1154 3067 1189 3135 ἓν
1203 3073 1250 3158 τῷ
1269 3062 1320 3158 εἠδ
1342 3069 1385 3134 σδ

199 3175 294 3246 τόνδε
317 3175 458 3266 δέδεξο),
489 3181 546 3249 καί
567 3181 677 3250 λύεται
699 3183 737 3249 τδ
761 3179 1055 3269 σολοικοφανές’);
1086 3181 1141 3248 ubi
1164 3181 1288 3248 mireris
1311 3181 1386 3246 Ari-

183 3293 322 3358 starchi
344 3295 610 3378 adstipulatorem
631 3298 718 3362 idem
739 3297 880 3362 tenuisse
902 3295 989 3374 quod
1011 3294 1227 3375 Zenodotum‚
1260 3297 1297 3358 ut
1330 3311 1385 3358 se-

200 3403 340 3473 loecismi
363 3407 486 3474 uitandi
508 3427 622 3475 caussa
642 3406 739 3492 γοῦνα
761 3426 819 3489 pro
840 3405 1022 3474 accusativo
1044 3405 1196 3487 haberet,
1219 3422 1314 3485 quam
1345 3405 1381 3470 in

200 3537 332 3600 pravam
348 3521 525 3602 opinionem
547 3541 608 3587 non
631 3521 728 3586 semel
750 3519 858 3602 diplen
875 3517 1062 3584 Aristarcho
1084 3517 1222 3600 positam
1239 3519 1384 3581 constat:

202 3630 298 3696 schol.
321 3639 352 3696 Z
363 3633 435 3698 514.
464 3632 579 3700 0405.
603 3633 715 3698 PiOO.
733 3635 762 3695 Σ
775 3632 836 3697 148
852 3629 906 3716 (cf.
922 3629 1121 3695 Friedlaend.
1138 3629 1235 3694 Arist.
1252 3627 1328 3709 126)
1341 3625 1383 3710 ³).

203 3741 303 3808 altero
332 3743 402 3810 loco
430 3745 536 3826 ipsum
558 3743 781 3810 Aristarchum
803 3741 966 3808 Posidonii
999 3741 1190 3808 sententiam
1223 3737 1384 3820 recepisse

291 4025 321 4104 l)
345 4025 381 4084 cf.
404 4023 562 4100 Wegener.
587 4023 653 4082 Aul.
679 4025 740 4083 Alc
767 4025 835 4080 192.
860 4019 1017 4080 (11κοί51111.
1038 4016 1080 4090 Il,
1106 4022 1154 4076 56.

292 4129 323 4204 2)
346 4128 447 4186 eadem
470 4147 515 4203 ap.
539 4127 674 4186 Eustath.
699 4129 768 4198 659,
795 4128 844 4182 25.

292 4231 323 4308 3)
346 4232 382 4291 of.
406 4233 565 4290 Duentzer.
587 4230 695 4288 Zenod.
718 4249 747 4304 p.
770 4233 827 4301 93,
859 4226 910 4305 qui
940 4223 1102 4300 comparari
1134 4224 1218 4282 iubet
1240 4223 1334 4282 schol.
1358 4223 1383 4279 V

206 4333 242 4394 ad
269 4335 294 4392 0
317 4341 392 4394 241:
415 4369 456 4378 —
482 4326 660 4414 Χράσιιτιτος
683 4321 902 4406 diratiocinare*
925 4331 941 4386 ἓ
964 4317 1005 4396 οἷς
1027 4327 1203 4407 περισσεῦον
1225 4359 1275 4384 -.
