2962 4812
539 211 751 282 „43-

32 363 33 396 r
79 383 161 449 tentia
188 403 380 467 quamquam
404 405 464 452 non
493 371 578 455 certa
610 389 687 453 mihi
711 407 834 472 quoque
856 388 984 454 videtur
1012 387 1234 470 praeferenda.

78 503 132 559 tum
169 497 309 562 eiusdem
340 499 449 582 Satyri
480 499 658 564 Aristarchi
697 498 845 582 discipuli
877 503 969 564 erunt
999 517 1081 582 quae
1110 499 1239 565 exhibet

77 605 156 671 schol.
177 607 212 672 Β.
235 608 324 674 Leid.
353 611 396 674 ad
419 608 532 682 Ξ216
563 611 619 694 (=
641 611 738 677 schol.
759 615 787 676 8
809 609 904 694 288),
934 629 1016 693 quae
1049 611 1238 676 enstaticam

76 718 306 797 praescierunt
321 721 468 802 indolem,
492 723 746 790 ecommentario
757 722 915 790 homerico
925 721 1060 788 fortasse
1071 721 1187 788 hausta
1198 723 1239 806 ¹).

262 948 364 1020 XIV.
416 949 706 1052 Dionysodorus
740 951 971 1024 Troezenius
982 952 1033 1037 2).

100 1133 163 1196 va
192 1131 332 1216 Didymo
361 1135 404 1198 ad
426 1137 457 1198 Β
482 1137 540 1202 111
572 1135 784 1218 Dionysodori
814 1133 1022 1200 Alexandrini
1056 1131 1174 1201 men'tio
1204 1134 1242 1201 fit

75 1241 239 1308 Aristarchi
262 1244 523 1326 adstipulatoris:
552 1243 608 1310 καὶ
630 1243 706 1322 τούς
728 1238 784 1310 ἀπ’
808 1237 905 1310 αὐτοῦ
927 1246 987 1325 [sc.
1006 1237 1239 1333 Ἀριστάρχου]

76 1350 103 1416 δὲ
119 1351 299 1440 χρωμένους
320 1351 410 1421 ἔστιν
424 1351 528 1441 εὑρεῖν
550 1359 590 1446 τῇ
611 1360 728 1446 γραφῇ,
752 1351 999 1442 Διονυσόδωρον
1014 1349 1239 1438 τὸνἈλεξον-

74 1462 137 1550 δρέα
158 1463 215 1530 καὶ
232 1458 446 1550 Ἀμμώνιον.
464 1466 651 1552 ἐπιλέγουσι
673 1466 710 1534 δὲ
733 1460 835 1534 οὐδέν.
873 1487 966 1551 quem
987 1469 1240 1552 Dionysodorum

74 1593 129 1640 cum
159 1578 251 1642 iuxta
288 1580 491 1646 Ammonium
527 1580 754 1646 Chalcenterus
791 1581 931 1645 nominet
963 1581 1047 1646 inter
1080 1581 1240 1662 proximos

73 1686 234 1754 Aristarchi
257 1689 430 1771 discipulos
452 1690 671 1772 relegabimus.
714 1697 821 1758 exstat
842 1697 950 1758 autem
972 1689 1174 1770 felicissima,
1200 1696 1237 1757 ut

75 1798 138 1862 nihi
159 1801 298 1879 videtur,
321 1801 550 1867 Schneidewini
573 1803 764 1882 coniectura,
786 1821 882 1885 quarn
898 1801 1064 1883 proposuit
1086 1803 1118 1866 in
1134 1801 1238 1868 Praei.

74 1907 272 1993 Paroomiogr.
296 1911 351 1978 Gr.
373 1932 403 1996 p.
428 1913 505 1992 Vll;
529 1932 593 1996 qua
616 1933 676 1980 non
700 1913 861 1980 diversum
884 1913 924 1980 ab
948 1913 1003 1980 illo
1025 1913 1240 1980 Alexandrino

74 2018 313 2105 Dionysodorum
336 2024 541 2090 Troezenium
554 2028 583 2103 8)
614 2044 643 2090 v.
666 2026 697 2090 d.
724 2025 840 2090 statuit
862 2043 948 2107 esse,
978 2024 1069 2092 cuius
1098 2025 1243 2092 meminit

50 2120 252 2208 nilutarohus
274 2134 306 2200 in
322 2135 391 2200 vita
406 2135 497 2202 Arati
513 2137 544 2202 1:
567 2131 818 2222 Διονυσόδωρος
840 2129 873 2200 ri'
897 2130 915 2200 ὁ
943 2131 1130 2224 Τροιζήνιος
1152 2133 1242 2221 ἐλέγ-

75 2264 125 2320 χων
138 2237 237 2310 αὐτὸν
252 2245 308 2330 [sc.
325 2246 553 2331 Chrysippum]
571 2239 782 2334 ἀντεκτίθησι
796 2245 853 2336 τὴν
868 2239 1024 2336 ἀληθινὴν
1049 2251 1105 2331 [sc.
1122 2271 1242 2335 παροι-

78 2351 155 2438 μίαν]
181 2349 285 2434 οὕτως
306 2352 444 2438 ἔχουσαν
465 2352 532 2422 ari.
576 2359 753 2426 rectissime
775 2359 858 2425 enim
890 2380 919 2425 v.
943 2361 988 2424 d:
1021 2360 1126 2442 „Illud
1148 2365 1243 2436 certe,

76 2463 184 2550 inquit,
207 2469 385 2535 sententiae
406 2476 534 2535 nostrae
556 2489 617 2536 non
640 2469 754 2550 officit,
788 2471 874 2553 quod
895 2465 996 2536 altero
1018 2471 1086 2536 loco
1109 2471 1243 2537 Troeze-

77 2577 150 2660 nius,
182 2580 285 2646 altero
316 2581 434 2647 dicitur
464 2581 707 2647 Alexandrinus
758 2581 878 2648 Natum
915 2581 1056 2648 arbitror
1086 2583 1244 2648 Troezene

78 2687 227 2756 doctorum
242 2691 427 2758 celebritate
442 2699 475 2758 et
490 2693 580 2758 urhis
595 2692 744 2758 allectum
755 2694 787 2758 in
802 2696 948 2775 Aegypto
963 2693 1071 2758 sedem
1086 2693 1192 2760 fixisse
1201 2698 1243 2774 4).

78 2796 147 2866 lllud
162 2809 270 2868 autem
287 2803 415 2886 egregie
430 2803 608 2884 opinionem
623 2823 727 2868 meam
742 2803 916 2885 confirmat,
936 2804 1021 2884 quod
1036 2805 1242 2870 Alexandrini

79 2914 264 2988 grammatici
294 2916 419 2981 omnino
453 2934 564 2982 averso
595 2921 687 2982 erant
720 2935 740 2981 a
777 2914 956 2980 Stoicorum
983 2915 1243 2997 philosophorum

79 3021 205 3092 doctrina
227 3031 342 3108 animo,
366 3047 436 3094 curn
460 3027 578 3092 aemuli
599 3027 740 3109 ipsorum
762 3032 796 3092 et
817 3025 993 3092 adversarii
1009 3027 1151 3092 Cratetei
1166 3027 1243 3092 Per·

79 3138 187 3210 generi
209 3158 229 3204 a
252 3137 429 3204 Stoicorum
458 3139 624 3222 principiis
653 3136 944 3220 proficiscebantur.
989 3137 1072 3204 Hinc
1102 3157 1163 3204 non
1185 3139 1244 3203 mi·

80 3227 199 3290 faidum
231 3254 299 3331 est,
328 3252 414 3333 quod
447 3251 685 3332 Dionysodorus
706 3249 931 3314 Aristarcheus
953 3248 1052 3314 Stoici
1074 3249 1246 3332 chrysippi

151 3459 181 3537 1)
204 3459 339 3518 Mueller.
364 3480 392 3536 p.
418 3463 494 3519 165:
515 3461 583 3532 „Ad
605 3458 738 3537 mythioa
759 3459 833 3516 haee
855 3458 980 3518 fortasse
1002 3457 1158 3518 referenda
1177 3464 1247 3518 sunt

81 3575 137 3634 quoe
159 3563 300 3636 leguntur
321 3561 353 3619 in
376 3559 467 3622 schol.
491 3563 545 3621 Od.
568 3566 592 3620 θ
615 3567 675 3620 288
700 3568 731 3621 et
753 3561 843 3620 schol.
867 3560 903 3619 Il.
928 3555 955 3624 Ξ
974 3563 1044 3619 216.
1090 3561 1147 3619 sec
1179 3561 1244 3620 fieri

81 3660 149 3722 etiam
179 3669 293 3740 potest,
322 3670 357 3724 nt
389 3666 457 3726 data
488 3685 577 3742 opera
606 3665 730 3744 Satyrus
761 3663 795 3722 in
824 3663 987 3722 Homerum
1018 3663 1245 3724 commentarios

81 3765 241 3842 scripserit“
1198 3762 1200 3766 ’

146 3869 178 3948 2)
207 3891 235 3932 y.
261 3869 345 3930 Voss.
376 3871 445 3934 hist.
474 3889 517 3946 gr.
540 3890 569 3947 p.
595 3874 655 3928 483
684 3870 840 3930 Westerm.
863 3867 1044 3944 Bernhardy.
1071 3871 1170 3930 adnot.
1201 3872 1238 3930 ad

82 3963 141 4032 duic.
163 3975 188 4048 Ι,
215 3977 229 4032 1
255 3993 284 4050 p.
310 3979 399 4047 1398,
428 3979 473 4033 13.
496 3975 600 4033 Baehr.
616 3974 647 4032 in
664 3973 769 4048 Paulyi
792 3973 854 4032 ER.
878 3992 900 4031 s.
923 3991 951 4031 v.
975 3969 1166 4049 Dionysodor
1187 3993 1239 4032 aus

83 4069 222 4136 Alexandr.
246 4076 403 4135 Graefenh.
428 4078 452 4149 Ι,
476 4081 546 4134 400.
570 4077 611 4148 11,
640 4075 705 4134 170.
723 4080 794 4134 204.
818 4075 951 4132 Mueller.
975 4073 1068 4134 Filo.
1090 4075 1123 4132 Il
1145 4095 1173 4151 p.
1192 4081 1238 4132 84.

150 4179 179 4257 8)
201 4179 279 4237 idem
303 4179 392 4238 tacite
422 4184 683 4258 praesumpserunt
710 4177 829 4237 Lersoh.
852 4177 885 4234 II
906 4195 934 4252 p.
960 4179 1007 4236 57.
1042 4177 1238 4236 Graefenhan.

84 4271 100 4342 Ι,
119 4281 179 4340 400.

151 4387 181 4464 4)
201 4385 261 4445 fuit
282 4403 353 4460 ergo
378 4375 467 4458 φύσει
489 4383 677 4458 Troezenius,
701 4379 783 4442 θέσει
806 4381 1036 4444 Alexandrinus.
