2962 4812
733 204 943 268 ..18-

252 369 284 440 oi
307 366 375 438 ἀπὸ
397 368 632 460 Πινδαρίωνος.
677 365 849 456 ἀναλογία,
880 367 998 459 φασίν,
1021 365 1288 456 ὁμολογουμένως
1311 369 1347 436 ἐκ
1370 371 1429 460 τῆς

252 480 425 572 συνηθείας
447 479 605 568 ὁρμᾶται·
628 477 777 568 ἔστιγὰρ
795 478 907 567 ὁμοίου
927 478 1035 547 τεκαὶ
1057 474 1210 567 ἀνομοίου
1231 477 1366 570 θεωρία,
1387 479 1428 545 mi

252 594 288 660 δὲ
312 589 426 680 ὅμοιον
440 593 495 660 καί
511 587 664 679 ἀνόμοιον
686 591 722 658 ἐκ
736 597 793 683 τῆς
814 590 1091 679 δεδοκιμασμένος
1109 588 1308 677 λαμβάνεται
1331 613 1427 676 συνη-

184 733 186 736 ·
249 702 355 786 θείας,
373 703 630 790 δεδοκιμασμένον
646 701 754 770 δὲκαὶ
771 697 966 792 ἀρχαιοτάτη
981 701 1070 769 ἐστίν
1086 697 1254 792 ὴὉμὴροο
1269 699 1402 789 ποίησις
1420 723 1428 738 ·

250 813 376 902 ποίημα
386 813 447 904 γὰρ
463 809 554 882 οὐδὲν
570 812 791 904 πρεσβύτερον
807 808 881 905 ἧκεν
892 812 941 893 είς
956 810 1041 902 ἡμᾶς
1055 817 1111 902 τῆς
1127 809 1248 880 ἐκείνου
1264 809 1429 902 ποιήσεως

252 928 305 1010 (oi.
333 929 369 994 L.
400 928 604 1010 Lerschium,
636 928 696 992 Die
725 927 1047 1010 Sprachphilosophie
1079 927 1137 992 der
1167 925 1282 1005 Alten,'
1303 925 1336 1007 1,
1360 925 1427 1009 75),

250 1050 358 1106 censet
380 1039 632 1106 Graefenhanins
656 1039 702 1121 (I,
725 1039 789 1104 432
811 1059 841 1104 ιι.
864 1040 935 1124 28);
965 1058 1002 1105 ac
1025 1039 1094 1104 iure
1116 1037 1261 1121 quidem,
1284 1038 1427 1120 qnando·

250 1151 377 1230 quidem
400 1151 584 1234 saepissime
605 1135 807 1232 grammatici
828 1150 904 1216 solis
921 1149 1157 1232 cognominibus
1172 1149 1383 1214 nominantur.
1396 1151 1427 1231 ¹)

249 1299 291 1308 —
313 1280 407 1343 porro
429 1280 490 1327 non
513 1263 677 1328 diversum
699 1281 719 1326 a
741 1260 931 1326 Pindarione
947 1259 1201 1326 Graefenhanius
1223 1265 1318 1342 putat
1341 1261 1375 1343 (i.
1392 1259 1427 1342 i.)

249 1391 287 1438 ao
317 1380 390 1454 post
419 1391 490 1439 eum
512 1373 692 1440 Beccardus
715 1371 932 1438 Ptolemaeum
961 1371 1050 1437 illum
1081 1391 1174 1454 quem
1197 1363 1429 1456 ἅναλομμικόν

249 1485 435 1564 Apollonius
465 1483 622 1569 vocam),
654 1483 757 1550 Bekk.
787 1484 847 1549 An.
877 1483 910 1548 ΙΙ
942 1483 1023 1566 508,
1055 1483 1189 1548 laudans
1211 1483 1244 1548 in
1268 1483 1428 1564 scriptura

250 1585 350 1681 οὗιαρ
373 1595 427 1680 (oi.
449 1595 547 1662 schol.
569 1601 599 1660 Ι·
619 1595 666 1680 1);
689 1613 770 1678 qnae
792 1594 974 1660 coniectura
988 1594 1075 1660 haud
1091 1593 1310 1676 improbabilis
1325 1594 1426 1677 estu.

248 1709 303 1773 sed
327 1709 395 1774 iure
417 1707 597 1772 Beooardus
620 1707 816 1789 vituperavit
831 1705 1109 1787 Graeienhanium‚
1132 1705 1217 1787 quod
1238 1703 1336 1770 etiam
1351 1703 1427 1770 Pto·

248 1819 403 1884 lemaeum
425 1819 597 1884 Aristonici
618 1829 743 1899 patrem
756 1819 806 1900 ⁴),
837 1819 877 1882 de
899 1835 960 1898 quo
984 1815 1117 1896 Suidas,
1138 1833 1209 1881 oum
1232 1813 1428 1880 Pindarione

248 1927 408 2012 confudit,
440 1929 602 1996 credulum
631 1929 684 1994 ille
713 1937 829 1996 naotus
848 1933 1079 1994 assentatorem
1113 1927 1344 2008 Bartholdnm,
1378 1927 1426 1992 Do

247 2041 358 2122 Eurip.
382 2040 493 2108 soholl.
514 2040 609 2107 iontt.
631 2059 663 2122 p.
678 2041 699 2105 2
714 2059 744 2104 n.
782 2040 872 2106 illum
894 2039 977 2106 enim
1000 2059 1071 2105 oum
1095 2045 1128 2105 et
1144 2038 1260 2104 Suidus
1276 2045 1308 2104 et
1324 2038 1425 2103 Hero·

248 2153 362 2218 dianus
384 2152 497 2234 (schol.
520 2154 553 2216 A
566 2153 645 2234 423)
668 2171 688 2216 a
703 2161 812 2218 nostro
829 2152 1008 2233 seiungunt,
1031 2169 1102 2217 oum
1124 2150 1185 2217 hoc
1200 2169 1260 2216 non
1276 2155 1325 2216 est
1342 2152 1426 2232 quod

247 2281 304 2331 nos
325 2269 473 2347 putemus
494 2265 628 2330 eundem
639 2265 679 2348 ⁶).

337 2543 366 2622 1)
389 2537 568 2601 ‘Pindarion’
592 2539 766 2617 simpliciter
788 2539 907 2612 dieunt,
938 2545 972 2598 ut
1001 2557 1156 2614 segregare
1185 2558 1252 2598 eum
1284 2546 1425 2602 anostro

247 2645 421 2718 videantur,
454 2645 565 2703 Lorsoh
594 2643 616 2701 l.
647 2643 666 2700 i.
689 2641 837 2703 Steinthai
867 2661 896 2718 p.
920 2639 991 2700 517.
1016 2646 1086 2704 520.
1111 2647 1187 2713 521;
1215 2643 1293 2720 quod
1316 2661 1426 2703 nomen

248 2767 393 2826 nusquam
426 2755 567 2826 quantum
598 2745 658 2805 snio
689 2745 761 2804 alibi
793 2743 910 2821 legitur.
956 2752 1085 2804 osterum
1108 2742 1317 2803 Graeienhonii
1339 2746 1427 2806 istam

249 2849 419 2926 opinionem
449 2867 582 2924 pugnare
616 2848 703 2909 video
740 2867 807 2906 oum
839 2852 1005 2923 temporum
1044 2853 1182 2924 eomputo
1216 2847 1268 2926 qui
1298 2848 1427 2908 efficitur

248 2950 418 3012 Stointhalii
439 2951 559 3028 egregia
581 2952 617 3010 ds
639 2949 839 3027 analogistiois
861 2947 1076 3026 disputatione;
1108 2969 1196 3029 quam
1219 2950 1244 3009 si
1266 2950 1426 3029 sequimur,

248 3055 329 3114 huno
350 3054 560 3114 Pindarionsm
583 3053 681 3128 aetati·
695 3052 953 3130 gram‘matioorum
975 3051 1206 3112 ab.Aristuroh0
1222 3053 1427 3128 proximorum

248 3157 411 3218 attribuere
432 3158 486 3220 vix
508 3177 671 3234 possumus.
702 3157 753 3216 sed
775 3153 900 3232 singulis
922 3174 993 3212 num
1016 3153 1104 3214 lineat
1124 3155 1185 3214 tam
1209 3160 1322 3216 eertum
1344 3156 1426 3214 adhi-

248 3260 313 3320 beri
333 3260 475 3320 iudioium
496 3260 608 3321 dubito.
632 3293 674 3304 -
697 3260 824 3320 eundem
846 3275 1015 3334 oomparero
1038 3255 1175 3334 opinatus
1198 3258 1243 3318 es't
1257 3257 1427 3317 Boeokhius

248 3362 298 3441 (ad
319 3361 423 3438 fragm.
445 3362 530 3422 Pind.
553 3383 582 3440 p.
607 3363 681 3440 655)
711 3363 790 3441 apud
813 3361 905 3421 snhol.
928 3359 1065 3438 Dionysii
1087 3360 1209 3434 Thrae,
1241 3360 1337 3420 Bokk.
1368 3365 1425 3420 An.

247 3463 280 3522 ΙΙ
302 3483 330 3540 p.
355 3463 432 3536 790,
463 3469 519 3537 26,
549 3471 676 3542 negante
709 3465 860 3526 Lobeokio
890 3464 922 3523 in
945 3463 1091 3540 Aglaoph.
1114 3483 1143 3539 p.
1166 3465 1237 3524 997.
1270 3485 1299 3526 v.
1322 3463 1426 3542 Steph.

247 3565 334 3626 Thes.
358 3587 381 3627 s.
403 3586 431 3628 v.
457 3565 636 3646 Πινδαρίοιν.

333 3670 365 3750 2)
387 3691 416 3733 v.
438 3671 556 3731 Lersoh.
579 3671 603 3744 Ι,
627 3670 676 3730 73.

335 3775 366 3852 3)
395 3775 427 3834 in
457 3774 610 3850 analogiae
641 3775 738 3836 studio
768 3779 869 3835 noster
902 3773 1133 3851 deprehenditur
1174 3771 1264 3832 schol.
1300 3774 1332 3834 K
1364 3780 1425 3834 292

247 3863 328 3956 (ἦνιν
350 3869 392 3948 oio
415 3879 525 3958 μῆνιν).

333 3980 367 4060 4)
389 3973 422 4040 ‘ri
448 3981 502 4040 τοῦ
527 3976 760 4062 Ἀριστονίκουέ
782 3982 872 4042 sohol.
896 3981 929 4043 A
950 3982 1195 4056 manumisi,
1220 3985 1278 4040 481
1304 3979 1338 4040 E.

335 4088 367 4162 5)
388 4089 519 4146 ueterum
539 4085 631 4145 miror
653 4103 711 4166 quo
733 4085 798 4145 iure
820 4084 1017 4160 Muetnellius,
1039 4086 1085 4146 De
1108 4087 1221 4146 emend.
1236 4085 1427 4160 Theogoniae

247 4187 320 4248 Hes.
342 4188 374 4248 ll.
396 4189 461 4263 ΙΙΙ,
484 4209 513 4266 p.
538 4195 614 4262 288,
644 4196 675 4250 et
697 4189 749 4270 qui
770 4190 807 4249 ad
830 4207 897 4248 eum
919 4191 1043 4252 devorat
1063 4191 1227 4250 Beooardus
1245 4188 1426 4248 Sohoellinm

247 4291 464 4366 inrumperint,
504 4294 583 4372 quod
614 4294 687 4353 duos
717 4292 785 4352 illos
815 4292 1021 4369 grammaticos
1050 4293 1231 4354 oonfudisset
1269 4293 1349 4353 inter
1378 4314 1425 4366 se;

246 4394 340 4470 probe
361 4394 441 4453 enim
461 4395 512 4454 ille
534 4395 624 4471 (Hist.
646 4396 690 4456 lit.
713 4396 762 4458 Gr.
785 4399 827 4473 ΙΙ,
850 4399 924 4476 553)
947 4415 997 4458 eos
1017 4398 1097 4458 inter
1118 4417 1150 4458 se
1173 4401 1316 4472 segregat.
