2962 4812
514 186 757 250 Α..67-

8 393 9 476 7
58 355 165 421 771117
190 359 250 434 777,
273 354 313 421 of.
336 355 403 420 Ael.
427 355 556 436 Dionys.
579 374 629 437 ap.
653 355 801 422 Eustath.
823 375 853 438 p.
878 356 979 437 1417,
1009 357 1063 439 21,
1091 361 1244 440 quaeest

8 487 9 518 2
57 467 222 532 sententia
246 465 402 532 Dindorfii
431 468 473 532 ad
496 467 536 531 H.
561 466 606 532 St.
630 467 722 546 VIII,
754 467 864 534 7470
894 469 966 532 -.“
1002 469 1058 534 sed
1089 469 1152 550 ipsi
1182 469 1243 534 loci

8 591 9 652 7
57 579 268 644 vehementer
298 578 409 644 dubito
440 598 480 642 an
511 585 597 643 recte
627 597 660 642 se
691 597 752 644 non
783 579 931 646 habeant.
981 581 1120 661 primum
1149 580 1243 660 enim,

8 667 9 698 ¹
61 691 149 773 quod
172 689 322 754 Charetis
344 695 377 755 77
399 689 532 754 Critolai
555 689 682 754 nomina
712 689 802 754 iuxta
831 691 915 756 inter
937 709 971 756 se
994 692 1100 772 posita
1122 690 1245 756 inueni-

58 819 141 880 mus,
163 819 217 865 res
241 799 319 864 mihi
341 801 471 866 uidetur
500 799 679 866 offensionis
708 801 811 882 plena.
847 803 998 868 attendas
1027 819 1143 882 quaeso
1174 821 1244 868 sen·

57 911 195 978 tentiam
227 929 359 991 prorsus
389 911 591 992 grammatici
615 912 717 976 videri
740 931 826 990 esse,
860 931 897 976 ac
919 912 1053 995 proferri
1075 913 1106 978 h.
1128 913 1148 978 l.
1171 918 1246 996 post

59 1023 288 1088 Eratosthenis
312 1027 345 1087 et
367 1021 546 1088 Aristarchi
568 1022 688 1104 placita
710 1023 821 1090 171777.
866 1043 964 1106 quare
979 1024 1128 1104 quoniam
1143 1023 1246 1090 Crito·

60 1134 147 1198 laum
173 1134 419 1216 grammaticum
443 1153 503 1198 uon
527 1133 682 1199 hahemus
698 1140 906 1214 compertum,
928 1135 1074 1216 equidem
1097 1136 1129 1200 in
1151 1136 1246 1202 istius

58 1245 224 1310 mentione
245 1245 299 1310 vix
321 1245 540 1325 acquieverim.
578 1264 619 1310 an
649 1251 686 1310 tu
715 1254 812 1327 putas
842 1266 862 1312 a
891 1245 1032 1310 Critolao
1057 1246 1246 1328 philosopho

8 1381 10 1510 ι
57 1356 294 1436 peripatetico,
323 1357 506 1422 Aristotelis
528 1355 702 1438 discipulo,
731 1357 827 1422 istam
850 1357 1028 1439 opinionem
1051 1357 1247 1438 prolectam?

8 1521 9 1544 ,
60 1475 99 1530 ut
122 1473 233 1532 tamen
257 1467 358 1548 possit
380 1467 421 1532 de
444 1485 480 1532 eo
502 1468 653 1548 cogitari:
686 1473 721 1532 at
749 1467 814 1533 alia
841 1473 933 1548 sunt,
962 1488 1044 1551 quae
1066 1476 1247 1552 suspectum

8 1567 9 1640 1
60 1578 141 1642 mihi
166 1578 270 1643 locum
294 1580 440 1644 reddant.
476 1597 557 1661 quae
579 1580 662 1644 enirn
685 1579 717 1643 in
741 1579 792 1644 Et.
816 1580 857 1644 M.
880 1580 1040 1663 leguntur,
1063 1617 1104 1628 —
1128 1575 1247 1665 σημαί-

60 1711 120 1768 νει,
144 1683 233 1774 φασί
255 1689 326 1770 ipsa
348 1691 547 1771 corruptelae
562 1691 699 1772 speciem
723 1709 800 1773 prae
822 1708 856 1756 se
878 1690 995 1758 ferunt.
1039 1692 1095 1757 sed
1110 1710 1150 1758 ne
1165 1691 1247 1757 Pho·

58 1801 96 1866 tii
132 1800 264 1883 quidem
295 1802 393 1866 verba
422 1803 605 1884 incorrupta
636 1803 793 1868 videntur.
832 1803 908 1884 quid
939 1803 1022 1868 enim
1053 1798 1169 1889 Χάρης
1189 1801 1249 1888 μέν

60 1930 142 1998 φησι
173 1909 232 1975 καὶ
263 1906 451 1995 Κριτόλαος
473 1909 644 1998 oppetam?
681 1914 760 1980 haec
789 1931 865 1980 sane
894 1913 1139 1980 inusitatissima
1167 1913 1250 1982 foret

59 2023 236 2090 verborum
259 2022 443 2088 declarandi
465 2025 670 2090 abundantia.
714 2025 848 2106 accedit,
871 2025 955 2106 quod
977 2025 1064 2104 apud
1079 2029 1250 2108 utrumque

60 2135 214 2216 pergitur
246 2129 460 2218 διελέγχεται,
492 2153 553 2200 non
585 2139 669 2218 quod
699 2140 919 2217 exspectamus
948 2131 1165 2218 διελέγχοντα(
1188 2138 1250 2220 (ita

8 2325 9 2330 ἵ
62 2246 198 2326 quidem
221 2263 303 2310 unus
326 2245 431 2330 Etym.
454 2248 561 2327 codex,
585 2249 641 2313 sed
659 2266 741 2329 quae
756 2246 849 2314 facile
863 2251 972 2328 potest
986 2265 1056 2312 esse
1071 2249 1249 2334 eorrectio).

61 2357 145 2422 haec
168 2374 239 2421 cum
263 2356 438 2438 considero,
460 2377 521 2423 uon
545 2359 623 2424 mihi
646 2359 776 2425 dubium
798 2358 944 2441 videtur,
969 2358 1116 2424 Charetis
1138 2359 1189 2425 vel
1212 2368 1248 2425 ut

8 2459 9 2464 ’
61 2487 122 2548 ego
154 2467 318 2549 existimo,
352 2467 519 2536 Chaeridis
547 2489 660 2537 nomen
690 2487 787 2534 uuum
817 2470 847 2534 h.
870 2471 890 2536 1.
924 2469 1040 2550 fuisse,
1072 2467 1247 2536 Critolaum

61 2585 175 2644 autern
204 2597 265 2644 non
297 2579 358 2644 nisi
393 2599 452 2662 per
481 2600 619 2646 errorem
647 2581 834 2662 inrepsisse3
870 2599 1061 2664 quamquam
1093 2585 1249 2662 quomodo

8 2751 9 2790 ¹
61 2689 240 2772 inrepsisse
262 2691 441 2770 putandum
463 2692 516 2773 sit,
538 2710 599 2757 non
622 2691 715 2758 facile
736 2692 878 2760 dixerim.
892 2695 920 2771 ¹)
952 2697 1093 2756 ceterum
1108 2692 1136 2758 si
1151 2695 1248 2759 etiam

63 2801 127 2866 hoc
150 2800 219 2866 loeo
241 2803 296 2882 qui
317 2821 401 2868 unus
422 2809 472 2868 est
493 2808 567 2884 post
589 2803 715 2883 multos,
738 2803 853 2886 quihus
882 2801 1019 2868 ‘Chares'
1049 2821 1108 2884 pro
1138 2804 1249 2870 ‘Chae-

8 2943 9 3004 (
63 2911 120 2977 ris’
145 2911 227 2977 falso
249 2913 281 2977 in
304 2932 376 2978 mss.
400 2913 464 2996 legi
486 2913 640 2996 vidimus,
671 2914 837 2981 Chaeridis
865 2931 976 2980 nomen
1003 2919 1042 2978 ut
1067 2914 1133 2986 dixi
1154 2916 1251 2981 resti-

62 3024 207 3105 tuerim,
237 3026 393 3090 neminem
424 3043 518 3108 spero
549 3024 616 3092 fore
646 3025 697 3092 cui
719 3024 984 3093 inconsideratius
1005 3025 1110 3105 egisse
1131 3025 1249 3091 ridear.

63 3173 108 3183 -
132 3141 166 3202 et
188 3142 314 3204 tantum
336 3139 377 3204 de
398 3137 563 3204 chaeride.

469 3361 551 3436 XX.
604 3363 860 3455 Euphronius.

8 3539 9 3600 1
157 3546 334 3630 Euphronii
356 3549 390 3614 in
412 3549 635 3631 Aristophanis
667 3547 796 3616 scholiis
826 3566 886 3612 non
918 3565 991 3612 raro
1005 3547 1035 3631 2)
1066 3545 1103 3612 fit
1124 3545 1252 3624 mentio,

8 3661 9 3740 Q
64 3666 166 3743 atque
188 3659 293 3727 ubivis
315 3659 381 3742 ita,
404 3665 441 3727 ut
463 3661 652 3743 cogitandus
675 3659 719 3726 sit
740 3659 986 3744 grammaticus,
1017 3659 1071 3740 qui
1095 3675 1252 3723 commen-

158 3849 188 3928 1)
209 3852 334 3912 fortasse
351 3873 411 3914 non
428 3853 481 3912 abs
495 3871 527 3912 re
544 3852 583 3912 sit
596 3851 647 3911 hio
662 3869 824 3912 memorare
840 3850 979 3910 festivum
997 3867 1128 3908 errorem
1144 3848 1253 3908 dudum

66 3951 144 4018 viris
167 3953 261 4013 doctis
284 3955 472 4016 observatum
494 3955 527 4014 in
541 3975 630 4035 quem
651 3954 759 4015 incidit
772 3953 975 4032 Etymologus,
998 3971 1064 4011 oum
1081 3969 1156 4030 quae
1174 3950 1254 4008 Pho·

67 4057 130 4118 tius
156 4056 192 4114 de
214 4056 371 4134 Hermippi
395 4063 500 4133 poetae
521 4059 554 4116 in
575 4049 707 4132 Ἀθηνᾶς
729 4060 831 4135 γοναῖς
854 4055 1012 4127 locutione,
1036 4054 1104 4112 dein
1128 4054 1163 4111 de
1185 4053 1254 4111 Ari-

68 4159 181 4219 starchi
196 4160 386 4234 grammatica
398 4159 548 4220 sententia
559 4159 689 4232 exhibet,
713 4159 755 4218 sio
769 4158 904 4219 breviata
918 4155 1062 4234 prodidit:
1085 4147 1157 4232 παρ’
1183 4145 1201 4210 ὃ
1216 4147 1254 4228 δὴ

60 4253 237 4342 Ἕρμιππος
250 4257 300 4320 aui
315 4252 503 4342 Ἀρίσταρχος
514 4262 565 4340 (an
580 4288 622 4312 =
633 4267 709 4322 teste
721 4260 893 4320 Aristarcho
903 4258 928 4335 1)
943 4250 1006 4316 ἀντὶ
1023 4257 1075 4316 τοῦ
1092 4253 1150 4334 ἔφη
1165 4249 1198 4314 δὲ
1213 4249 1255 4325 ὅς.

160 4363 192 4442 2)
216 4365 310 4428 vicies
332 4365 458 4444 septies:
480 4365 512 4424 in
534 4369 591 4428 Ar.
615 4369 686 4424 766.
711 4368 781 4422 299.
806 4367 876 4421 358.
902 4361 971 4420 765.
995 4361 1065 4420 798.
1091 4362 1161 4420 873.
1185 4363 1255 4422 933.

1005 4469 1021 4526 5
1031 4457 1051 4496 A<
