2962 4812
571 219 892 286 -57-.

75 391 278 457 mediocrem
308 391 399 458 dedit
428 410 558 474 operam
574 393 613 476 ¹).
646 391 735 458 cuius
765 392 1005 457 commentarios
1035 393 1117 456 inter
1147 388 1266 471 scripta

77 523 101 568 a
126 503 270 587 Didymo
292 507 449 586 usurpata
473 513 559 570 recte
582 501 740 568 recensuit
762 501 924 584 lehrsiuS,
947 503 1002 568 Ar.
1025 521 1055 584 p.
1078 503 1136 581 30;
1159 504 1268 566 aetate

76 635 157 682 aum
190 615 276 681 inter
298 613 519 681 Aristarchum
550 618 584 680 at
611 612 826 694 Didymuw)
856 611 1055 680 referendum
1083 612 1166 680 vidit
1194 617 1268 694 post

77 725 357 792 Graefenhauium
390 728 428 810 (1.
450 726 483 790 ΙΙ
505 745 536 808 p.
561 726 637 808 118)
659 725 707 790 La
729 725 844 806 Roche,
866 725 907 790 H.
930 725 964 790 T.
987 725 1045 792 81:
1079 723 1266 791 Aristarcho

76 838 171 903 enim
201 855 273 902 aum
304 837 513 918 posteriorem
549 835 758 902 disertissime
789 835 898 917 arguit
921 835 1018 900 schol.
1041 835 1142 902 1605
1169 828 1265 920 'Apl-

77 969 228 1034 σταρχος
255 945 316 1034 γὰρ
343 941 420 1012 ἄνευ
448 951 505 1012 τοῦ
531 945 548 1012 ῖ
570 941 652 1010 -ὁ
681 945 718 1022 δὲ
748 949 871 1034 Χαῖρις
893 944 1027 1031 βοηθῶν
1058 938 1146 1034 αὐτῷ
1169 964 1267 1032 φησιν

76 1053 152 1124 aaa.
197 1064 340 1126 attamen
363 1059 484 1140 miror,
502 1060 586 1141 quod
609 1058 689 1124 nihil
711 1059 829 1124 certius
850 1059 912 1125 viri
934 1057 1018 1123 docti
1042 1060 1082 1124 de
1104 1076 1151 1137 ao,
1174 1061 1207 1122 et
1230 1077 1268 1122 ne

77 1171 132 1236 La
156 1169 298 1236 Roohius
328 1170 457 1252 quidem
487 1170 668 1236 statuerint
713 1170 860 1251 equidem
893 1171 976 1236 enim
1010 1168 1115 1234 nullus
1147 1167 1268 1245 dubito,

77 1282 162 1364 quin
194 1280 374 1346 Aristarchi
407 1281 633 1363 discipulorum
664 1281 820 1346 consortio
848 1280 979 1348 Chaonis
1008 1280 1052 1346 sit
1072 1279 1267 1346 inserendus.

79 1392 206 1460 clamat
237 1392 321 1457 enim
351 1391 563 1458 disertissime
593 1391 773 1457 Aristarchi
802 1391 834 1456 in
867 1391 1034 1474 disciplina
1063 1409 1135 1456 eum
1168 1389 1267 1456 fuisse

77 1503 183 1570 schol.
215 1505 300 1587 quod
331 1505 423 1568 modo
455 1503 622 1568 attulimus
650 1502 824 1568 Herodiani
854 1507 874 1566 Ι
900 1502 978 1584 605,
1005 1503 1061 1568 ubi
1090 1501 1269 1566 Aristarchi

76 1615 186 1680 falsae
208 1616 306 1704 τιμῇς
329 1614 414 1680 vocis
438 1618 475 1678 ut
496 1613 637 1697 genetivi
659 1613 861 1694 explicationi
884 1615 1043 1681 succurrit
1064 1621 1098 1680 at
1119 1649 1160 1660 -
1183 1613 1267 1694 quod

77 1725 216 1790 maximi
249 1731 300 1790 est
330 1725 480 1791 momenti
503 1761 545 1772 -
567 1743 629 1806 quo
657 1724 711 1790 ille
733 1743 828 1792 versu
850 1724 1029 1810 opinionem
1050 1743 1140 1790 suam
1167 1724 1268 1789 tuitus

78 1837 137 1918 sit,
160 1835 275 1902 refert:
299 1830 317 1898 ὁ
339 1834 376 1902 δὲ
398 1839 521 1924 Χαῖρις
542 1834 676 1920 βοηθῶν
698 1827 785 1923 αὐτῷ
809 1855 916 1922 φησιν,
940 1829 992 1900 ὅτι
1014 1832 1164 1922 ἐπιφέρει
1188 1827 1267 1901 ‘oir'cr

79 1969 124 2030 με
148 1941 268 2032 ταύτης
288 1945 372 2034 χρεώ
403 1939 506 2034 τιμῆς
531 1947 573 2030 (V.
597 1946 684 2030 607).
729 1947 847 2012 clamat
868 1948 952 2012 idem
976 1948 1073 2014 schol.
1094 1971 1114 2032 η
1138 1947 1190 2026 80,
1212 1945 1267 2011 ubi

78 2059 267 2138 suspectum
284 2076 353 2124 esse
369 2058 558 2124 Aristarcho
573 2057 675 2124 locum
693 2065 847 2124 testatur:
870 2052 1090 2124 ὑποπτεύεται
1112 2053 1130 2123 ὁ
1152 2054 1266 2140 τόπος,

79 2162 127 2243 ὡς
151 2165 207 2232 καὶ
228 2165 353 2256 Χαῖρίς
374 2189 474 2256 φησιν
496 2165 530 2233 ἐν
552 2167 794 2254 διορθαιτικοῖς.
817 2207 859 2218 -
882 2189 942 2236 non
958 2171 1134 2252 iudignum,
1156 2171 1266 2253 inquo

80 2279 263 2363 paullulum
287 2299 459 2361 moremur,
492 2280 588 2345 schol.
612 2286 643 2344 Ν
668 2281 738 2360 103,
760 2281 815 2346 ubi
837 2282 915 2347 haec
937 2281 1153 2348 Herodianus:
1173 2274 1266 2368 Ἀρί-

82 2411 226 2477 σταρχος
256 2387 385 2478 βαρύνει
408 2388 446 2456 τὸ
468 2386 586 2472 θώων,
614 2388 671 2455 καὶ
700 2383 847 2477 ἐποίοθή
873 2385 892 2480 ἡ
921 2387 1124 2476 παράδοσις;
1156 2398 1266 2459 contra

80 2501 276 2584 Pamphilus
292 2505 323 2568 in
346 2503 397 2569 his
411 2509 515 2586 genet
538 2502 620 2584 plur.
643 2521 773 2570 severae
787 2503 954 2585 analogiae
969 2503 1093 2585 legibus
1114 2504 1263 2570 addictus

81 2613 184 2680 fuisse
207 2614 341 2695 dicitur,
372 2617 427 2696 qui
459 2612 515 2679 καὶ
536 2611 574 2679 τὸ
601 2609 721 2697 Τρώων
742 2613 800 2679 καὶ
821 2609 939 2698 δμώων
960 2611 1016 2679 καὶ
1039 2609 1169 2679 παίδων
1191 2607 1265 2680 ἀνο-

79 2721 222 2809 γίνωσκε
238 2725 419 2812 περισπῶν,
442 2721 544 2790 ἔτιδὲ
566 2723 623 2790 καὶ
644 2722 682 2790 τὸ
699 2719 831 2790 πάντων
845 2723 902 2790 καὶ
924 2720 1012 2790 λάων
1033 2723 1090 2790 καὶ
1111 2720 1264 2790 τίνων-

82 2837 234 2903 similitor
266 2843 373 2902 autem
404 2841 501 2919 atque
523 2857 595 2903 eum
617 2839 681 2903 iam
703 2844 778 2902 ante
808 2839 849 2902 de
870 2835 921 2901 his
942 2837 1100 2904 iudicasse
1122 2836 1263 2903 Dioclem

81 2955 116 3014 et
138 2949 326 3032 Dionysium
350 2947 504 3014 Thracem
535 2967 573 3014 ax
602 2949 705 3015 altera
733 2948 844 3014 scholii
875 2954 967 3030 parte
979 2952 1020 3038 ³)
1040 2948 1265 3034 cognoscimus,

80 3142 178 3226 γόραν
200 3146 252 3205 aul
274 3139 326 3205 τὸν
347 3139 500 3224 ’Ἄδμητον
522 3141 723 3228 ἀναγέγραφε,
746 3145 804 3207 nri.
845 3143 1044 3218 Ἀπολλώνιος
1066 3144 1098 3208 lt
1120 3141 1138 3208 α’
1162 3149 1200 3209 Χ.
1224 3183 1265 3193 -

82 3243 305 3326 Χλειτογόραν,
334 3244 484 3330 declinat
512 3243 619 3324 αὐτόν,
649 3247 707 3312 ari.
730 3258 883 3333 —atque
910 3253 953 3311 ita
975 3252 1167 3331 Apollonius,
1198 3272 1265 3310 eum

81 3352 236 3412 Herodico
266 3353 311 3412 illi
334 3355 471 3414 Gratcteo
493 3354 681 3436 obloquatur,
702 3359 737 3414 ut
758 3355 913 3415 Ghaeridis
934 3356 1024 3431 filius,
1056 3361 1086 3414 at
1108 3354 1174 3432 ipsa
1196 3355 1264 3414 Ari-

81 3457 254 3515 starchenm
276 3477 308 3516 so
331 3459 480 3535 praebeat
506 3491 544 3500 -
1265 3480 1267 3485 '

173 3559 201 3636 l)
224 3559 452 3638 disputaverunt
481 3561 517 3620 da
551 3579 585 3618 eo
616 3559 745 3620 Boeckh.
768 3561 866 3620 Praei.
889 3561 993 3622 soholl.
1015 3561 1103 3622 Pind.
1126 3582 1155 3639 p.
1178 3561 1262 3620 XVI.

81 3664 115 3721 0.
142 3662 319 3736 Schneider,
350 3665 403 3722 Ar·
427 3662 530 3722 scholl.
552 3665 640 3722 fontt
664 3683 692 3740 p.
717 3668 766 3723 89.
811 3665 856 3723 La
877 3665 996 3738 Rooha,
1019 3665 1058 3724 H.
1081 3665 1114 3726 Τ.
1140 3669 1188 3724 81.
1213 3645 1262 3724 (32.

79 3799 123 3810 —
147 3767 185 3826 cf.
217 3766 332 3827 Villois.
362 3766 442 3826 Prol.
472 3766 509 3826 Il.
540 3766 661 3826 XXIX.
691 3765 793 3826 -do
824 3767 944 3826 nomine
974 3787 1062 3846 saepe
1090 3767 1124 3826 in
1157 3757 1264 3846 Χάρης

81 3872 208 3943 mutato,
231 3869 304 3930 item
325 3869 357 3928 in
383 3862 480 3947 Χάρις
504 3870 552 3939 (cf.
576 3871 654 3949 qnod
676 3869 815 3929 similitor
835 3871 947 3930 factum
969 3872 1056 3930 modo
1078 3869 1207 3932 vidimus
1229 3872 1261 3931 in

81 3971 247 4050 Apollonio
279 3970 444 4049 (lhaoridis)
475 3993 503 4034 v.
534 3973 578 4032 La
598 3975 692 4034 Roch.
723 3994 753 4034 n.
778 3975 846 4034 147.
890 3973 923 4032 in
952 3974 1054 4034 scholl.
1077 3974 1152 4036 Vsu.
1181 3979 1209 4035 A
1232 3979 1262 4036 at

81 4075 171 4134 Pind.
188 4075 287 4134 ubivis
302 4075 414 4150 legitur
430 4076 546 4153 Χαῖρις.
561 4109 601 4118 -
618 4077 707 4136 otiam
719 4077 799 4136 infra
815 4077 910 4136 oratio
926 4076 958 4136 in
971 4079 1050 4139 hanc
1066 4099 1129 4138 ram
1139 4079 1260 4139 incidet.

168 4177 200 4255 2)
223 4177 351 4256 Didymo
388 4178 517 4255 priorem
553 4199 620 4238 oum
654 4199 720 4246 ‚osse
757 4185 785 4240 at
816 4180 881 4256 ipso
912 4180 1041 4243 Boeokh.
1072 4183 1215 4242 conclusit
1245 4205 1260 4242 e

79 4280 173 4340 schol.
197 4281 288 4356 Pyth.
311 4280 364 4353 IV,
388 4285 459 4338 446.

167 4381 199 4460 3)
222 4382 305 4442 onius
336 4381 481 4442 nonnulla
508 4383 665 4443 admodum
694 4386 814 4445 turbata
844 4392 931 4460 sunt;
961 4387 1072 4448 tradita
1099 4389 1195 4450 enim:
1221 4423 1259 4434 -
