2962 4812
589 200 801 265 ,χχ-

100 367 202 449 Vcsp.
235 367 307 434 604.
329 403 371 414 -
395 367 530 449 denique
558 368 620 434 huc
652 371 814 451 pertinent
848 370 944 436 schol.
972 370 1068 450 Vesp.
1100 369 1192 434 1530.
1224 371 1283 434 Αν.

103 479 179 543 765.
202 515 244 525 -—
266 480 323 544 Av.
345 479 418 545 357.

191 589 271 654 haec
304 591 332 656 si
361 592 432 671 quis
460 593 718 674 perlustraverit,
752 591 970 674 Euphronium
991 592 1070 656 satis
1093 592 1282 656 mediocrem

102 699 263 766 iudicabit
284 701 384 766 fuisse
406 704 664 784 interpretem1).
708 721 764 768 nec
787 708 893 773 tamen
916 721 1036 782 verear,
1068 722 1107 768 ne
1131 703 1180 768 cui
1203 703 1283 767 adeo

102 830 166 875 non
190 812 292 877 bonae
313 811 414 894 frugis
437 832 505 880 esse
527 814 589 878 iste
604 815 761 892 videatur,
784 817 820 877 ut
841 819 949 879 aetate
964 812 1172 880 Aristarchea
1193 832 1284 893 pror-

105 941 162 987 sus
186 923 334 1006 indiguus
355 925 518 1006 putandus
540 926 583 990 sit
605 933 661 991 aut
683 925 779 990 etiam
802 925 877 990 iude
899 927 1116 992 removendus.

513 1185 615 1257 XXI.
667 1186 868 1259 Aretades.

191 1368 362 1434 Aretadem
393 1375 426 1436 et
455 1370 618 1436 Neotelem
651 1370 815 1452 iniungere
844 1369 1024 1437 Aristarchi
1054 1369 1282 1452 discipulorum

103 1479 195 1560 gregi
218 1480 320 1545 audeo
341 1486 511 1562 propterea
525 1482 611 1562 quod
625 1482 709 1547 iuter
724 1482 804 1546 duos
820 1479 1041 1548 Aristarcheos
1057 1481 1282 1563 Apollodorum

103 1593 137 1654 et
160 1589 346 1672 Dionysium
367 1593 523 1658 Thracem
552 1611 605 1657 eos
637 1595 802 1657 enumerat
831 1591 987 1675 Didymus
1016 1592 1113 1658 schol.
1149 1591 1180 1654 Ω
1204 1593 1282 1658 110:

98 1690 359 1789 Ἀπολλόδωρος
373 1699 430 1767 καί
441 1695 621 1788 Ἀρητάδης
631 1702 661 1788 ²)
678 1699 734 1767 καί
745 1699 905 1788 Νεοτέλης
914 1701 969 1768 καί
978 1698 1178 1780 Διονίσιοςὸ
1191 1704 1283 1791 Θρᾷξ

108 1808 164 1874 διά
195 1813 252 1874 τοῦ
278 1810 376 1900 τεὴν
398 1808 561 1900 πρόθεσιν
591 1807 752 1900 γράφουσι
781 1811 837 1878 καί
860 1811 1033 1881 δασύνουσι
1056 1813 1094 1879 cd
1117 1816 1152 1895 ἆ,
1183 1805 1282 1901 ἵναῇ

106 1917 298 2008 προςάπτω,
323 1916 519 2012 ἀνατίθημι.
542 1919 573 1989 οί
597 1923 634 1989 δέ
646 1923 746 2010 χωρίς
768 1928 825 1990 τοῦ
840 1927 860 1992 τ
874 1920 1023 2013 ἔγραψαν
1037 1922 1093 1990 καί
1109 1923 1281 2012 ἑψίλωσαν

103 2030 143 2096 τὸ
165 2035 204 2112 α,
227 2033 282 2097 ἵνα
303 2027 420 2101 ταύτὸν
440 2030 570 2122 ὖπάρχη
591 2037 638 2122 τῷ
659 2032 838 2122 προὶοίλλω,
862 2027 933 2102 οἷον
955 2034 1091 2122 δίδωμι,
1114 2033 1283 2126 προσπεύ·

103 2143 160 2208 δω.
183 2139 285 2221 οίίτως
307 2145 344 2210 δέ
364 2144 421 2210 καί
435 2141 618 2231 Ζηνόδοτος
638 2145 695 2212 καὶ
714 2139 930 2236 Ἀρίσταρχος
953 2147 987 2215 έν
1004 2152 1075 2227 τοῖς
1098 2149 1183 2236 πρὸς
1203 2155 1282 2214 Κω-

103 2251 215 2338 μανόν.
228 2261 257 2336 ⁸)
290 2258 346 2322 sed
370 2260 409 2323 de
432 2258 482 2324 his
504 2265 670 2342 praeterea
692 2261 745 2326 vix
767 2261 939 2344 quidquam
963 2261 1118 2328 habemus
1140 2279 1281 2344 comper-

104 2369 182 2432 tum.
219 2374 314 2450 atque
345 2371 503 2436 Aretadcs
533 2371 650 2454 lyticus
680 2372 827 2452 proditur
857 2371 952 2436 schol.
975 2393 994 2455 γ
1014 2372 1094 2437 341:
1125 2367 1281 2460 ἐζήτησαν

2 2501 3 2576 γ
104 2474 159 2542 διδ
181 2473 215 2542 τί
237 2482 309 2556 τοῖς
330 2484 426 2558 θεοῖς
448 2474 611 2566 ἀπένεμον
632 2478 693 2558 τὰς
713 2477 873 2564 γλώσσας.
906 2479 939 2548 oi
959 2481 1020 2566 μέν
1043 2478 1212 2568 ἐνόμισαν,
1236 2471 1280 2546 ὧν

2 2625 3 2634 .
104 2585 173 2652 έστι
197 2587 371 2678 Λέανδρος
392 2590 448 2656 καί
467 2589 695 2680 Ἁρητάδης4),
718 2589 802 2657 κατὰ
823 2595 978 2680 πατρῷον
996 2589 1076 2671 ἕδος
1093 2586 1217 2658 Ἰοίνων.
1240 2629 1281 2640 -

2 2726 3 2729 “
104 2701 188 2767 idem
212 2703 279 2768 siue
302 2705 397 2770 dubio
420 2711 684 2770 commemoratur
706 2705 747 2770 ab
764 2705 906 2786 Alciphr.
926 2725 997 2788 epp.
1012 2707 1069 2788 III,
1086 2707 1145 2772 56:
1166 2701 1278 2770 καθά-

2 2835 3 2894 ι
102 2835 165 2899 περ
180 2809 293 2900 πρώην
310 2810 492 2901 Ἀρητάδης
515 2809 532 2881 ὁ
546 2812 770 2902 γραμματικὸς
783 2811 899 2896 ἐποίει,
917 2811 1057 2905 Ὁμήρου
1079 2811 1123 2894 ὡς
1137 2811 1279 2903 ἔφασκεν

2 2921 3 2964 ³
103 2921 264 3010 ἐπιλέγων
295 2923 452 3007 στιχίδιον
487 2921 672 3014 εὐμηχάνως
702 2918 789 3013 αὐτῷ
821 2925 905 3014 πρὸς
940 2925 1000 3005 τοὶς
1034 2922 1186 3016 ἁρπαγὰς
1216 2929 1280 2992 τῶν

2 3071 3 3108 2
102 3031 283 3120 βρωμάτων
313 3033 515 3126 ἡρμοσμένον
544 3037 617 3131 ιοιαὶ
638 3036 781 3125 φαγέμεν
803 3035 921 3123 πιέμεν
943 3061 978 3102 τε
985 3089 994 3120 ,
1028 3033 1143 3104 ἔπειτα
1165 3039 1202 3106 δέ
1224 3037 1281 3104 καί

102 3170 134 3212 τι
166 3145 362 3236 φέρεσθαι’;
396 3155 428 3216 ε1
449 3171 469 3214 a
490 3150 644 3234 Porphyr.
674 3153 761 3233 apud
783 3151 897 3218 Euseb.
921 3171 1031 3234 praep.
1055 3170 1102 3218 ev.
1124 3153 1164 3234 X,
1186 3154 1215 3233 3,
1239 3153 1279 3218 16

102 3259 176 3326 libri
199 3262 238 3326 de
260 3262 405 3328 ‘fortuite
422 3263 614 3344 scriptorum
636 3263 721 3328 idem
737 3263 933 3328 tradentium
956 3263 1183 3330 convenientia'
1206 3281 1280 3329 auc·

101 3377 169 3438 tur:
201 3363 384 3459 ’Λρητάδοο
404 3369 443 3438 τέ
463 3370 533 3438 ἐστι
554 3372 631 3460 περὶ
655 3369 912 3456 σονεμπταίσεως
933 3369 1150 3462 πραγματεία,
1185 3371 1222 3455 ἐξ
1243 3365 1281 3462 ἧς

101 3484 234 3548 τοιαῦτα
270 3491 324 3562 [sc.
354 3482 443 3550 furta
472 3485 630 3568 literaria]
660 3481 769 3550 πολλά
797 3483 868 3550 ἐστι
897 3485 1025 3570 γνῶναι.
1056 3523 1098 3533 -
1126 3506 1155 3552 v.
1188 3485 1279 3550 Wolf.

102 3595 186 3661 Prol.
208 3595 299 3662 Hom.
324 3597 383 3662 191
409 3618 439 3664 n.
462 3597 512 3662 61.
535 3597 765 3662 Westermaun.
787 3596 820 3663 in
843 3597 956 3680 Paulyi
978 3599 1042 3665 ER.
1065 3615 1089 3664 s.
1112 3617 1141 3662 v.
1164 3597 1279 3662 Arcta-

189 3861 217 3932 1)
239 3857 298 3917 tale
320 3857 462 3916 iudicium
483 3857 675 3931 Schneideri‚
711 3856 932 3930 Graefenhanii‚
955 3858 996 3918 M.
1019 3855 1186 3918 Schmidtii.
1232 3855 1278 3916 ni-

101 3959 158 4018 mia
180 3980 247 4020 eum
268 3960 348 4020 tollit
371 3961 548 4034 Gerhardus,
570 3961 635 4020 iure
658 3959 803 4037 vapulans
825 3961 867 4017 M.
889 3960 1061 4020 Schmidtio.

186 4065 217 4140 2)
249 4056 444 4140 ‘'Apprrddng
472 4063 522 4124 vel
550 4055 708 4141 Ἀρειάδης
736 4062 926 4121 Hullcmann.
956 4063 988 4120 in
1017 4063 1141 4122 Miscell.
1170 4061 1278 4122 Philol.

101 4164 225 4226 dmstcl.
248 4171 267 4223 2
289 4187 319 4244 p.
344 4161 408 4225 75!
444 4165 533 4226 Dind.
558 4185 634 4246 quae
655 4165 802 4244 inspicere
825 4185 886 4224 uon
908 4165 1002 4242 potui.

187 4272 216 4339 3)
241 4271 277 4328 oi.
301 4268 461 4328 Ducntzer.
484 4269 552 4328 Zen.
576 4290 605 4348 p.
630 4269 701 4329 127.

187 4369 218 4448 4)
242 4372 285 4432 sic
305 4371 430 4444 Nauck„
452 4371 489 4430 cf.
512 4371 674 4434 Stiehleum
696 4372 728 4431 in
750 4370 859 4431 Philol.
881 4369 938 4445 IX,
963 4375 1032 4432 486.
