2962 4812
734 208 947 274 ...66-

246 375 415 460 βίστατον,
438 375 523 464 πλὴν
544 380 608 442 τῶν
629 370 689 443 ὑπ’
714 370 830 456 delae
852 376 988 459 τέχναις.
1001 383 1029 459 1)
1059 382 1116 448 sed
1139 380 1306 450 Chaeridis
1328 383 1449 450 fuisse

245 490 327 556 hanc
351 488 566 556 definitionem
589 489 686 556 schol.
709 497 850 556 testatur
872 493 959 573 apud
981 492 1115 558 Bekkec
1139 494 1198 558 An.
1220 512 1252 574 p.
1271 494 1344 574 663,
1369 497 1446 562 10:

244 595 326 666 ὅθεν
356 596 374 668 ὁ
404 603 528 686 Χαῖρις
558 593 615 665 οὐκ
647 594 759 684 ὀρθῶς
787 595 932 688 ὡρίσατο
961 598 1018 690 τὴν
1046 598 1287 690 γραμματικὴν,
1321 600 1439 688 λέγων

246 707 454 798 γραμματική
491 708 581 776 ἐστιν
609 707 677 794 ἕξις
706 705 775 778 άπὸ
807 710 918 800 τέχνης
947 711 1003 780 καὶ
1032 709 1179 801 ἱστορίας
1211 713 1445 804 διαγνωστικὴ

244 823 312 890 τῶν
335 816 419 909 παρ’
443 819 575 908 Ἕλλησι
596 821 767 904 moreest)
804 831 932 906 praeter
963 825 1033 892 illos
1063 825 1163 907 igitur
1183 828 1445 894 commentarios

244 935 377 1002 Ciceris
408 936 504 1002 etiam
536 935 653 1000 librum
678 932 755 1021 περὶ
775 935 1002 1022 γραμματικῆς
1024 937 1209 1019 composuit
1247 944 1344 1022 atque
1367 940 1446 1005 huc

244 1047 372 1130 quidem
402 1065 461 1129 ego
491 1048 597 1114 nescio
619 1065 660 1111 an
683 1046 840 1112 trahenda
867 1047 931 1112 sint
958 1067 1040 1129 quae
1070 1047 1169 1112 refert
1200 1048 1296 1114 schol.
1330 1067 1444 1130 supra

244 1158 376 1224 allatum
401 1165 436 1223 N
456 1158 531 1226 103:
555 1159 679 1242 Χαῖρις
697 1154 736 1222 de'
757 1178 855 1243 φησιν
877 1149 935 1222 οὐκ
956 1148 1041 1224 εἶναι
1063 1155 1097 1222 ἒν
1113 1153 1324 1242 δισυλλάβοις
1346 1155 1441 1225 άνα-

243 1264 365 1352 λογίαν.
388 1305 430 1314 -
461 1287 542 1334 unus
565 1288 616 1333 me
638 1275 735 1334 vexat
756 1270 811 1350 qui
833 1275 980 1352 superest
1010 1270 1117 1350 loeus,
1144 1271 1239 1336 Phot.
1271 1271 1329 1337 lex.
1352 1290 1378 1337 s.
1403 1293 1442 1340 v.

243 1369 263 1466 ἢ
293 1371 326 1443 d’
358 1372 396 1457 ὅς
424 1398 449 1445 s.
486 1380 538 1446 Et.
561 1379 605 1444 M.
626 1379 709 1459 416,
738 1380 789 1445 31.
827 1380 871 1445 ibi
903 1381 986 1446 enim
1008 1388 1081 1462 post
1105 1381 1372 1464 Eratosthenisss)
1398 1391 1441 1449 et

244 1492 468 1576 Aristarchi4)
491 1491 531 1556 de
552 1492 616 1556 ista
638 1490 795 1556 locutione
822 1492 998 1557 sententias
1019 1491 1100 1556 mira
1122 1493 1294 1558 admodum
1315 1493 1439 1577 legun·

244 1612 300 1669 tur
323 1605 410 1686 opud
432 1603 582 1670 Plotium
606 1603 699 1669 haec:
730 1594 806 1690 ἥδ)
829 1597 881 1679 dg:
905 1594 976 1668 ἀντὶ
997 1602 1054 1668 τοῦ
1076 1597 1139 1689 ἔφη
1160 1601 1197 1668 δὲ
1230 1591 1341 1680 οὗτος·
1372 1602 1440 1670 καὶ

242 1706 316 1780 decl
346 1715 403 1780 τοῦ
432 1709 513 1801 ἔφη·
542 1707 692 1779 σάπεται
722 1711 759 1779 δὲ
780 1712 838 1779 καί
859 1711 918 1779 ἐπὶ
939 1706 1059 1800 ἀνδρὸς
1079 1712 1136 1779 καὶ
1163 1709 1332 1799 γυναικός·
1372 1714 1440 1781 καὶ

243 1818 315 1891 ἀντὶ
342 1826 400 1892 τοῖν
422 1821 559 1911 ἔφασαν.
585 1822 641 1892 καί
662 1817 737 1891 ἀντὶ
757 1816 862 1892 rodei
894 1821 984 1911 φίλε·
1012 1828 1107 1890 τοῦτο
1130 1821 1244 1913 Χάρης
1265 1823 1326 1911 μὲν
1347 1847 1439 1914 φησι

242 1934 299 2002 καὶ
320 1931 510 2023 Κριτόλαος
533 1931 691 2022 σημαίνει.
726 1935 923 2022 διελέγχεται
945 1933 982 2002 δὲ
1003 1931 1069 2000 ὑπὸ
1090 1933 1252 2002 πλειόνων
1266 1940 1314 2022 ὁ);
1337 1945 1373 2005 et
1396 1940 1436 2004 in

243 2050 295 2116 Et.
318 2050 363 2116 M.
385 2049 482 2115 haec:
516 2041 590 2132 [ὡς]
621 2043 734 2135 Χάρης
752 2045 800 2113 ’δὲ
825 2046 881 2113 καὶ
904 2043 1091 2132 Κριτόλαος
1112 2039 1187 2114 ἄντί
1208 2051 1264 2112 τοῦ
1284 2043 1432 2134 ἔφασαν,

242 2158 301 2226 καί
321 2152 394 2226 ἀντὶ
415 2159 471 2224 τοῦ
494 2149 520 2223 ὦ
542 2155 626 2247 φίλι,
649 2153 807 2244 σημαίνει,
832 2154 925 2244 φασί.
949 2155 1147 2242 διελέγχεται
1170 2158 1207 2225 δὲ
1224 2154 1290 2226 ὑπὸ
1306 2158 1431 2226 τελειό-

242 2295 314 2338 νων.
347 2279 380 2338 et
402 2272 444 2337 ad
467 2271 659 2338 sententiam
682 2270 811 2354 quidem
838 2291 867 2338 v.
891 2288 973 2351 quae
994 2271 1128 2338 adnotat
1150 2271 1295 2338 Nabems
1326 2273 1369 2338 ad
1393 2273 1430 2338 h.

244 2385 354 2452 Photii
375 2385 413 2450 l:
436 2382 657 2466 „manifestum
672 2383 916 2467 grammaticum
936 2401 1052 2460 errare,
1075 2388 1108 2448 et
1123 2381 1241 2464 legitur
1254 2388 1431 2464 praeterea

245 2489 265 2588 ἦ
295 2489 331 2563 d'
366 2487 385 2583 ί)
417 2515 468 2578 ap.
499 2495 581 2562 Plat.
612 2496 645 2562 in
677 2493 784 2578 Symp.
816 2494 880 2562 205
910 2494 947 2560 E.
976 2501 1063 2562 errat
1096 2511 1221 2575 quoque
1244 2493 1431 2562 Scholiasta

244 2610 327 2676 Plat.
349 2645 392 2655 -
415 2607 543 2676 Scilicet
564 2606 709 2674 confudit
729 2597 750 2694 ι)
771 2598 805 2670 d’
830 2598 867 2682 ὅς
889 2614 923 2672 et
944 2596 1030 2693 ἦδος,
1052 2607 1137 2688 quod
1153 2626 1188 2673 re
1202 2625 1278 2674 vera
1292 2606 1430 2676 indecli-

243 2764 447 2776 -.-.--.--

331 2854 360 2931 1)
383 2852 529 2913 videndus
551 2853 586 2911 de
609 2851 655 2910 his
677 2849 880 2922 Steinthalius‚
904 2849 1008 2909 Gesoh.
1031 2850 1059 2908 d.
1082 2849 1274 2926 Spraohwiss.
1297 2869 1327 2927 p.
1353 2856 1428 2911 588.

243 2991 285 3002 -
315 2957 389 3016 mira
417 2953 577 3030 Wegeneri
606 2953 694 3012 huius
725 2951 782 3012 loci
805 2951 969 3025 translatio,
992 2951 1061 3011 Aul.
1084 2952 1177 3014 Attal.
1200 2971 1230 3028 p.
1256 2951 1332 3011 107:
1355 2987 1427 3028 „—

241 3059 412 3120 facultatem
435 3062 498 3117 arte
519 3059 649 3134 partam,
684 3073 761 3134 quae
791 3053 852 3115 vim
881 3055 1005 3114 haberet
1026 3055 1212 3114 discernendi
1235 3055 1428 3116 exactissime

242 3183 285 3237 aa,
309 3179 384 3242 quae
406 3160 485 3238 apud
507 3157 634 3218 Graecos
656 3156 825 3216 dicerentur
840 3163 871 3216 et
886 3157 1094 3231 cogitarentur,
1117 3176 1253 3237 quaeque
1275 3176 1311 3216 ea
1333 3159 1426 3218 etiam

241 3265 383 3343 adjiceret
414 3259 479 3342 [?],
509 3281 585 3342 quae
614 3261 669 3320 sub
699 3258 766 3318 aliis
795 3263 895 3320 essent
916 3260 1059 3320 artibus.“
1090 3294 1133 3304 —
1166 3265 1296 3319 ceterum
1327 3259 1426 3320 eidem

240 3368 342 3450 (quem
364 3369 482 3426 secutus
505 3368 551 3424 est
572 3362 828 3437 Greefenhanius‚
861 3363 877 3420 l
899 3383 928 3440 p.
952 3361 1026 3440 344)
1048 3362 1170 3422 minime
1192 3361 1330 3441 equidem
1353 3381 1425 3422 con·

240 3469 377 3532 cesserim
407 3467 511 3526 exeis
533 3485 609 3545 quae
641 3465 741 3543 paullo
764 3472 833 3544 post
853 3466 931 3542 apud
954 3464 1077 3525 Sextum
1102 3469 1268 3544 sequuntur
1290 3459 1370 3523 ἔοικε
1393 3459 1425 3523 δὲ

238 3572 293 3654 [sc.
320 3564 439 3651 Χάρης]
462 3565 513 3628 καί
538 3561 721 3646 Χραιήτειόν
743 3590 809 3628 τινα
830 3571 924 3628 κινεῖν
945 3561 1049 3648 λόγον,
1072 3565 1172 3642 colligi
1194 3567 1302 3626 debere
1323 3566 1423 3645 ipsum

239 3676 320 3734 hunc
340 3664 497 3752 ’Χάρητί
521 3671 614 3732 fuisse
636 3672 814 3732 Orateteum.
854 3673 890 3732 ef.
910 3669 1066 3732 Steinthal.
1090 3669 1110 3730 l.
1133 3669 1152 3728 l.
1175 3689 1204 3729 n.

325 3773 357 3854 2)
379 3775 417 3835 cf.
439 3774 596 3835 Steinthal.
618 3794 647 3852 p.
673 3777 732 3832 539
755 3794 785 3834 n.
811 3779 837 3834 1.

325 3877 357 3956 8)
380 3877 418 3937 cf.
440 3877 620 3956 Bernhardy.
644 3877 793 3938 Eratosth.
815 3897 844 3955 p.
868 3881 939 3936 218.

324 3979 355 4058 4)
378 3981 416 4040 of.
438 3980 541 4040 Lehrs.
564 3983 614 4040 Ar.
637 4001 667 4059 p.
693 3985 761 4042 104.

326 4082 357 4161 5)
379 4085 417 4144 ef.
439 4082 573 4156 Sure1,
604 4089 622 4141 2
657 4105 686 4162 p.
710 4088 788 4156 820,
819 4067 895 4158 6ιῆ
925 4077 955 4141 d'
979 4074 1029 4152 ὅς·
1061 4077 1126 4141 ἀντὶ
1157 4082 1210 4142 τοῦ
1231 4077 1291 4158 ἔφη
1314 4075 1348 4140 δὲ
1377 4075 1418 4152 ὅς.
1466 4135 1467 4140 ,

236 4180 331 4270 τούτῳ
359 4187 486 4264 χρῶνται
515 4181 566 4243 καὶ
597 4181 646 4244 ἐντὶ
667 4182 821 4262 πλήθους,
852 4181 902 4244 καί
926 4182 973 4245 dari
1006 4185 1143 4262 θηλυκοῦ
1171 4181 1222 4244 καί
1250 4178 1417 4261 ἀρσενικοῦ.
1466 4167 1467 4229 ί

235 4291 326 4354 schol.
357 4287 433 4348 Plat.
456 4287 564 4350 Phaed.
597 4294 638 4349 65
669 4291 709 4350 B:
738 4281 868 4347 σάπεται
897 4283 930 4348 δὲ
960 4285 1010 4348 ἐισί
1040 4281 1150 4358 παντὸς
1178 4281 1346 4369 νιροσάντσυ
1366 4285 1417 4348 ναί
1465 4303 1466 4395 η

235 4387 378 4476 άριθμοῦ.
