<?xml version="1.0" encoding="UTF-8"?>
<!DOCTYPE html PUBLIC "-//W3C//DTD XHTML 1.0 Transitional//EN"
    "http://www.w3.org/TR/xhtml1/DTD/xhtml1-transitional.dtd">
<html xmlns="http://www.w3.org/1999/xhtml" xml:lang="en" lang="en">
 <head>
  <title>
</title>
<meta http-equiv="Content-Type" content="text/html;charset=utf-8" />
  <meta name='ocr-system' content='tesseract 3.04.00' />
  <meta name='ocr-capabilities' content='ocr_page ocr_carea ocr_par ocr_line ocrx_word'/>
</head>
<body>
  <div class='ocr_page' id='page_1' title='image "./dearistarchidis01blaugoog_0053.png"; bbox 0 0 2962 4812; ppageno 0'>
   <div class='ocr_carea' id='block_1_1' title="bbox 691 179 904 248">
    <p class='ocr_par' dir='ltr' id='par_1_1' title="bbox 691 179 904 248">
     <span class='ocr_line' id='line_1_1' title="bbox 691 179 904 248; baseline -0.009 -22"><span class='ocrx_word' id='word_1_1' title='bbox 691 179 904 248; x_wconf 71' lang='lat'>..45-</span> 
     </span>
    </p>
   </div>
   <div class='ocr_carea' id='block_1_2' title="bbox 204 343 1404 3000">
    <p class='ocr_par' dir='ltr' id='par_1_2' title="bbox 204 343 1401 2090">
     <span class='ocr_line' id='line_1_2' title="bbox 205 343 1393 438; baseline 0.003 -24"><span class='ocrx_word' id='word_1_2' title='bbox 205 350 291 415; x_wconf 89' lang='lat' dir='ltr'>cedit</span> <span class='ocrx_word' id='word_1_3' title='bbox 322 348 418 416; x_wconf 88' lang='lat' dir='ltr'>schol.</span> <span class='ocrx_word' id='word_1_4' title='bbox 440 371 461 412; x_wconf 85' lang='lat' dir='ltr'>a</span> <span class='ocrx_word' id='word_1_5' title='bbox 483 349 545 414; x_wconf 90' lang='grc'>329</span> <span class='ocrx_word' id='word_1_6' title='bbox 576 346 631 414; x_wconf 84' lang='grc' dir='ltr'>σοὶ</span> <span class='ocrx_word' id='word_1_7' title='bbox 659 345 697 412; x_wconf 83' lang='grc' dir='ltr'>δέ</span> <span class='ocrx_word' id='word_1_8' title='bbox 717 349 782 432; x_wconf 82' lang='grc' dir='ltr'>τις]</span> <span class='ocrx_word' id='word_1_9' title='bbox 814 343 832 414; x_wconf 87' lang='grc' dir='ltr'>ὁ</span> <span class='ocrx_word' id='word_1_10' title='bbox 865 344 1021 426; x_wconf 76' lang='grc' dir='ltr'><em>Σιδώνιός</em></span> <span class='ocrx_word' id='word_1_11' title='bbox 1052 371 1149 438; x_wconf 81' lang='grc' dir='ltr'><em>φησιν</em></span> <span class='ocrx_word' id='word_1_12' title='bbox 1181 345 1393 418; x_wconf 69' lang='grc' dir='ltr'><strong><em>ἀθετεῖσθαι</em></strong></span> 
     </span>
     <span class='ocr_line' id='line_1_3' title="bbox 204 455 1397 544; baseline 0.006 -20"><span class='ocrx_word' id='word_1_13' title='bbox 204 457 262 528; x_wconf 75' lang='grc' dir='ltr'><em>τὸν</em></span> <span class='ocrx_word' id='word_1_14' title='bbox 285 455 404 540; x_wconf 76' lang='grc' dir='ltr'><em>στίχον.</em></span> <span class='ocrx_word' id='word_1_15' title='bbox 448 479 505 526; x_wconf 91' lang='lat' dir='ltr'>nec</span> <span class='ocrx_word' id='word_1_16' title='bbox 527 459 649 526; x_wconf 85' lang='lat' dir='ltr'>minimi</span> <span class='ocrx_word' id='word_1_17' title='bbox 672 461 821 530; x_wconf 79' lang='lat' dir='ltr'>momenti</span> <span class='ocrx_word' id='word_1_18' title='bbox 844 460 920 540; x_wconf 90' lang='lat' dir='ltr'>hoc,</span> <span class='ocrx_word' id='word_1_19' title='bbox 943 463 1027 544; x_wconf 90' lang='lat' dir='ltr'>quod</span> <span class='ocrx_word' id='word_1_20' title='bbox 1050 463 1215 544; x_wconf 82' lang='lat' dir='ltr'>analogiae</span> <span class='ocrx_word' id='word_1_21' title='bbox 1239 463 1397 531; x_wconf 88' lang='lat' dir='ltr'>Sidonius</span> 
     </span>
     <span class='ocr_line' id='line_1_4' title="bbox 206 569 1396 658; baseline 0.004 -22"><span class='ocrx_word' id='word_1_22' title='bbox 206 573 290 636; x_wconf 88' lang='lat' dir='ltr'>inter</span> <span class='ocrx_word' id='word_1_23' title='bbox 311 572 471 654; x_wconf 82' lang='lat' dir='ltr'>principes</span> <span class='ocrx_word' id='word_1_24' title='bbox 494 571 658 636; x_wconf 91' lang='lat' dir='ltr'>studiosus</span> <span class='ocrx_word' id='word_1_25' title='bbox 680 569 757 636; x_wconf 88' lang='lat' dir='ltr'>fuit:</span> <span class='ocrx_word' id='word_1_26' title='bbox 779 572 810 635; x_wconf 91' lang='lat' dir='ltr'>in</span> <span class='ocrx_word' id='word_1_27' title='bbox 827 589 923 651; x_wconf 91' lang='lat' dir='ltr'>quam</span> <span class='ocrx_word' id='word_1_28' title='bbox 942 573 1053 638; x_wconf 86' lang='lat' dir='ltr'>dedita</span> <span class='ocrx_word' id='word_1_29' title='bbox 1074 592 1172 656; x_wconf 89' lang='lat' dir='ltr'>opera</span> <span class='ocrx_word' id='word_1_30' title='bbox 1195 594 1268 640; x_wconf 91' lang='lat' dir='ltr'>eum</span> <span class='ocrx_word' id='word_1_31' title='bbox 1285 577 1396 658; x_wconf 91' lang='lat' dir='ltr'>inqui-</span> 
     </span>
     <span class='ocr_line' id='line_1_5' title="bbox 206 681 1396 767; baseline 0.002 -17"><span class='ocrx_word' id='word_1_32' title='bbox 206 685 320 750; x_wconf 85' lang='lat' dir='ltr'>sivisse</span> <span class='ocrx_word' id='word_1_33' title='bbox 343 683 495 750; x_wconf 86' lang='lat' dir='ltr'>Varronis</span> <span class='ocrx_word' id='word_1_34' title='bbox 518 682 585 749; x_wconf 89' lang='lat' dir='ltr'>loco</span> <span class='ocrx_word' id='word_1_35' title='bbox 608 681 763 748; x_wconf 84' lang='lat' dir='ltr'>evincitur</span> <span class='ocrx_word' id='word_1_36' title='bbox 787 682 833 748; x_wconf 88' lang='lat' dir='ltr'>De</span> <span class='ocrx_word' id='word_1_37' title='bbox 855 683 875 748; x_wconf 89' lang='lat' dir='ltr'>l.</span> <span class='ocrx_word' id='word_1_38' title='bbox 897 683 917 749; x_wconf 93' lang='lat' dir='ltr'>l.</span> <span class='ocrx_word' id='word_1_39' title='bbox 939 683 969 748; x_wconf 88' lang='lat' dir='ltr'>X</span> <span class='ocrx_word' id='word_1_40' title='bbox 992 703 1023 765; x_wconf 90' lang='lat' dir='ltr'>p.</span> <span class='ocrx_word' id='word_1_41' title='bbox 1047 684 1126 750; x_wconf 83' lang='lat'>162:</span> <span class='ocrx_word' id='word_1_42' title='bbox 1150 723 1219 767; x_wconf 84' lang='lat'>‚,—-</span> <span class='ocrx_word' id='word_1_43' title='bbox 1242 707 1317 752; x_wconf 91' lang='lat' dir='ltr'>nam</span> <span class='ocrx_word' id='word_1_44' title='bbox 1335 688 1396 752; x_wconf 92' lang='lat' dir='ltr'>alii</span> 
     </span>
     <span class='ocr_line' id='line_1_6' title="bbox 207 793 1399 876; baseline 0.003 -16"><span class='ocrx_word' id='word_1_45' title='bbox 207 797 247 860; x_wconf 92' lang='lat' dir='ltr'>de</span> <span class='ocrx_word' id='word_1_46' title='bbox 271 795 416 860; x_wconf 91' lang='lat' dir='ltr'>omnibns</span> <span class='ocrx_word' id='word_1_47' title='bbox 437 793 593 860; x_wconf 91' lang='lat' dir='ltr'>universis</span> <span class='ocrx_word' id='word_1_48' title='bbox 615 793 850 858; x_wconf 86' lang='lat' dir='ltr'>discriminibus</span> <span class='ocrx_word' id='word_1_49' title='bbox 873 803 1048 875; x_wconf 87' lang='lat' dir='ltr'>posuerunt</span> <span class='ocrx_word' id='word_1_50' title='bbox 1069 815 1251 876; x_wconf 91' lang='lat' dir='ltr'>numerum,</span> <span class='ocrx_word' id='word_1_51' title='bbox 1274 805 1312 862; x_wconf 89' lang='lat' dir='ltr'>nt</span> <span class='ocrx_word' id='word_1_52' title='bbox 1334 799 1399 863; x_wconf 93' lang='lat' dir='ltr'>Di-</span> 
     </span>
     <span class='ocr_line' id='line_1_7' title="bbox 209 904 1398 992; baseline 0.002 -21"><span class='ocrx_word' id='word_1_53' title='bbox 209 909 339 990; x_wconf 88' lang='lat' dir='ltr'>onysius</span> <span class='ocrx_word' id='word_1_54' title='bbox 362 906 528 982; x_wconf 77' lang='lat' dir='ltr'>Sidonica,</span> <span class='ocrx_word' id='word_1_55' title='bbox 561 905 616 988; x_wconf 92' lang='lat' dir='ltr'>qui</span> <span class='ocrx_word' id='word_1_56' title='bbox 646 905 776 986; x_wconf 87' lang='lat' dir='ltr'>scripsit</span> <span class='ocrx_word' id='word_1_57' title='bbox 798 923 852 970; x_wconf 88' lang='lat' dir='ltr'>eas</span> <span class='ocrx_word' id='word_1_58' title='bbox 876 904 934 988; x_wconf 93' lang='lat' dir='ltr'>[sc.</span> <span class='ocrx_word' id='word_1_59' title='bbox 956 906 1184 973; x_wconf 86' lang='lat' dir='ltr'>declinationes</span> <span class='ocrx_word' id='word_1_60' title='bbox 1207 909 1398 992; x_wconf 89' lang='lat' dir='ltr'>verborum]</span> 
     </span>
     <span class='ocr_line' id='line_1_8' title="bbox 205 1015 1391 1100; baseline 0.003 -18"><span class='ocrx_word' id='word_1_61' title='bbox 205 1037 274 1084; x_wconf 88' lang='lat' dir='ltr'>esse</span> <span class='ocrx_word' id='word_1_62' title='bbox 306 1017 511 1100; x_wconf 83' lang='lat' dir='ltr'>septuaginta</span> <span class='ocrx_word' id='word_1_63' title='bbox 542 1035 656 1097; x_wconf 88' lang='lat' dir='ltr'>unam,</span> <span class='ocrx_word' id='word_1_64' title='bbox 694 1015 750 1080; x_wconf 93' lang='lat' dir='ltr'>alii</span> <span class='ocrx_word' id='word_1_65' title='bbox 778 1015 881 1097; x_wconf 89' lang='lat' dir='ltr'>partis</span> <span class='ocrx_word' id='word_1_66' title='bbox 909 1017 995 1098; x_wconf 86' lang='lat' dir='ltr'>eius,</span> <span class='ocrx_word' id='word_1_67' title='bbox 1025 1037 1108 1100; x_wconf 88' lang='lat' dir='ltr'>quae</span> <span class='ocrx_word' id='word_1_68' title='bbox 1137 1019 1236 1084; x_wconf 88' lang='lat' dir='ltr'>habet</span> <span class='ocrx_word' id='word_1_69' title='bbox 1275 1037 1391 1086; x_wconf 88' lang='lat' dir='ltr'>casus:</span> 
     </span>
     <span class='ocr_line' id='line_1_9' title="bbox 207 1126 1399 1212; baseline 0.003 -18"><span class='ocrx_word' id='word_1_70' title='bbox 207 1131 320 1212; x_wconf 90' lang='lat' dir='ltr'>quoius</span> <span class='ocrx_word' id='word_1_71' title='bbox 343 1129 428 1194; x_wconf 92' lang='lat' dir='ltr'>idem</span> <span class='ocrx_word' id='word_1_72' title='bbox 450 1128 503 1194; x_wconf 87' lang='lat' dir='ltr'>bie</span> <span class='ocrx_word' id='word_1_73' title='bbox 525 1143 619 1208; x_wconf 88' lang='lat' dir='ltr'>quom</span> <span class='ocrx_word' id='word_1_74' title='bbox 642 1126 729 1192; x_wconf 92' lang='lat' dir='ltr'>dicat</span> <span class='ocrx_word' id='word_1_75' title='bbox 743 1145 813 1192; x_wconf 88' lang='lat' dir='ltr'>esse</span> <span class='ocrx_word' id='word_1_76' title='bbox 828 1128 1011 1194; x_wconf 87' lang='lat' dir='ltr'>discrimina</span> <span class='ocrx_word' id='word_1_77' title='bbox 1026 1130 1244 1212; x_wconf 83' lang='lat' dir='ltr'>qnadraginta</span> <span class='ocrx_word' id='word_1_78' title='bbox 1258 1139 1399 1212; x_wconf 87' lang='lat' dir='ltr'>septem,</span> 
     </span>
     <span class='ocr_line' id='line_1_10' title="bbox 207 1237 1398 1322; baseline 0.003 -18"><span class='ocrx_word' id='word_1_79' title='bbox 207 1241 382 1306; x_wconf 81' lang='lat' dir='ltr'>Aristocles</span> <span class='ocrx_word' id='word_1_80' title='bbox 412 1238 538 1305; x_wconf 90' lang='lat' dir='ltr'>rettulit</span> <span class='ocrx_word' id='word_1_81' title='bbox 566 1239 598 1302; x_wconf 90' lang='lat' dir='ltr'>in</span> <span class='ocrx_word' id='word_1_82' title='bbox 628 1237 738 1303; x_wconf 90' lang='lat' dir='ltr'>literas</span> <span class='ocrx_word' id='word_1_83' title='bbox 760 1239 1032 1322; x_wconf 87' lang='lat' dir='ltr'>quattuordecim,</span> <span class='ocrx_word' id='word_1_84' title='bbox 1061 1240 1286 1308; x_wconf 89' lang='lat' dir='ltr'>Parmeniscus</span> <span class='ocrx_word' id='word_1_85' title='bbox 1307 1249 1398 1322; x_wconf 89' lang='lat' dir='ltr'>octo,</span> 
     </span>
     <span class='ocr_line' id='line_1_11' title="bbox 208 1349 1398 1436; baseline 0.001 -19"><span class='ocrx_word' id='word_1_86' title='bbox 208 1353 255 1418; x_wconf 90' lang='lat' dir='ltr'>sic</span> <span class='ocrx_word' id='word_1_87' title='bbox 276 1351 332 1416; x_wconf 91' lang='lat' dir='ltr'>alii</span> <span class='ocrx_word' id='word_1_88' title='bbox 354 1350 505 1433; x_wconf 90' lang='lat' dir='ltr'>pauciora</span> <span class='ocrx_word' id='word_1_89' title='bbox 526 1354 583 1414; x_wconf 88' lang='lat' dir='ltr'>aut</span> <span class='ocrx_word' id='word_1_90' title='bbox 604 1349 727 1430; x_wconf 88' lang='lat' dir='ltr'>plura.“</span> <span class='ocrx_word' id='word_1_91' title='bbox 751 1385 790 1394; x_wconf 96' lang='lat'><strong>—</strong></span> <span class='ocrx_word' id='word_1_92' title='bbox 813 1367 914 1430; x_wconf 88' lang='lat' dir='ltr'>neque</span> <span class='ocrx_word' id='word_1_93' title='bbox 937 1349 990 1417; x_wconf 91' lang='lat' dir='ltr'>ille</span> <span class='ocrx_word' id='word_1_94' title='bbox 1012 1351 1155 1434; x_wconf 83' lang='lat' dir='ltr'>regulam</span> <span class='ocrx_word' id='word_1_95' title='bbox 1178 1352 1297 1436; x_wconf 89' lang='lat' dir='ltr'>ubique</span> <span class='ocrx_word' id='word_1_96' title='bbox 1320 1373 1398 1420; x_wconf 92' lang='lat' dir='ltr'>cum</span> 
     </span>
     <span class='ocr_line' id='line_1_12' title="bbox 208 1459 1399 1543; baseline 0.001 -14"><span class='ocrx_word' id='word_1_97' title='bbox 208 1469 332 1530; x_wconf 90' lang='lat' dir='ltr'>teneret</span> <span class='ocrx_word' id='word_1_98' title='bbox 354 1462 541 1543; x_wconf 82' lang='lat' dir='ltr'>magistrum</span> <span class='ocrx_word' id='word_1_99' title='bbox 565 1459 678 1526; x_wconf 91' lang='lat' dir='ltr'>acerbe</span> <span class='ocrx_word' id='word_1_100' title='bbox 701 1461 858 1543; x_wconf 85' lang='lat' dir='ltr'>castigare</span> <span class='ocrx_word' id='word_1_101' title='bbox 881 1461 1070 1542; x_wconf 86' lang='lat' dir='ltr'>verebatur,</span> <span class='ocrx_word' id='word_1_102' title='bbox 1102 1483 1131 1528; x_wconf 92' lang='lat' dir='ltr'>v.</span> <span class='ocrx_word' id='word_1_103' title='bbox 1154 1463 1327 1530; x_wconf 90' lang='lat' dir='ltr'>Herodian.</span> <span class='ocrx_word' id='word_1_104' title='bbox 1351 1467 1399 1530; x_wconf 94' lang='lat' dir='ltr'>ad</span> 
     </span>
     <span class='ocr_line' id='line_1_13' title="bbox 208 1563 1400 1660; baseline 0 -20"><span class='ocrx_word' id='word_1_105' title='bbox 208 1582 238 1640; x_wconf 91' lang='grc' dir='ltr'><strong><em>Γ</em></strong></span> <span class='ocrx_word' id='word_1_106' title='bbox 266 1575 325 1639; x_wconf 88' lang='grc'>128</span> <span class='ocrx_word' id='word_1_107' title='bbox 357 1567 435 1638; x_wconf 75' lang='grc' dir='ltr'><em>ὅθεν</em></span> <span class='ocrx_word' id='word_1_108' title='bbox 449 1576 476 1648; x_wconf 90' lang='lat'>¹)</span> <span class='ocrx_word' id='word_1_109' title='bbox 509 1566 666 1648; x_wconf 62' lang='grc' dir='ltr'><em>Σιδώνιος</em></span> <span class='ocrx_word' id='word_1_110' title='bbox 692 1567 858 1658; x_wconf 83' lang='grc' dir='ltr'><em>μέμφεται</em></span> <span class='ocrx_word' id='word_1_111' title='bbox 886 1563 1092 1660; x_wconf 76' lang='grc' dir='ltr'><strong><em>Ἀριστάρχῳ</em></strong></span> <span class='ocrx_word' id='word_1_112' title='bbox 1122 1571 1168 1660; x_wconf 74' lang='grc' dir='ltr'>μὴ</span> <span class='ocrx_word' id='word_1_113' title='bbox 1202 1571 1400 1658; x_wconf 78' lang='grc' dir='ltr'><em>ἑγκλιιικῶς</em></span> 
     </span>
     <span class='ocr_line' id='line_1_14' title="bbox 209 1676 1401 1774; baseline 0 -24"><span class='ocrx_word' id='word_1_114' title='bbox 209 1679 379 1770; x_wconf 73' lang='grc' dir='ltr'><em>ἀναγνόντι</em></span> <span class='ocrx_word' id='word_1_115' title='bbox 401 1680 439 1750; x_wconf 82' lang='grc' dir='ltr'>τὸ</span> <span class='ocrx_word' id='word_1_116' title='bbox 467 1677 636 1767; x_wconf 70' lang='grc' dir='ltr'>ιπρόσθεν</span> <span class='ocrx_word' id='word_1_117' title='bbox 658 1677 736 1748; x_wconf 65' lang='grc' dir='ltr'><em>ἕθεν</em></span> <span class='ocrx_word' id='word_1_118' title='bbox 766 1676 953 1768; x_wconf 81' lang='grc' dir='ltr'><em>φεύγοντα’·</em></span> <span class='ocrx_word' id='word_1_119' title='bbox 982 1679 1002 1771; x_wconf 80' lang='grc' dir='ltr'><em>ἡ</em></span> <span class='ocrx_word' id='word_1_120' title='bbox 1034 1683 1095 1772; x_wconf 78' lang='grc' dir='ltr'>γὰρ</span> <span class='ocrx_word' id='word_1_121' title='bbox 1127 1679 1259 1750; x_wconf 78' lang='grc' dir='ltr'><em>διάνοια</em></span> <span class='ocrx_word' id='word_1_122' title='bbox 1282 1680 1401 1774; x_wconf 79' lang='grc' dir='ltr'><em>ἁπλῆν</em></span> 
     </span>
     <span class='ocr_line' id='line_1_15' title="bbox 210 1789 1400 1886; baseline 0 -22"><span class='ocrx_word' id='word_1_123' title='bbox 210 1795 294 1865; x_wconf 84' lang='grc' dir='ltr'><strong><em>αἰτεῖ</em></strong></span> <span class='ocrx_word' id='word_1_124' title='bbox 322 1793 378 1886; x_wconf 79' lang='grc' dir='ltr'><em>τὴν</em></span> <span class='ocrx_word' id='word_1_125' title='bbox 409 1789 646 1882; x_wconf 71' lang='grc' dir='ltr'>μετάληψιν.’)</span> <span class='ocrx_word' id='word_1_126' title='bbox 691 1793 744 1878; x_wconf 83' lang='lat' dir='ltr'>(of.</span> <span class='ocrx_word' id='word_1_127' title='bbox 773 1795 821 1860; x_wconf 88' lang='lat' dir='ltr'>La</span> <span class='ocrx_word' id='word_1_128' title='bbox 850 1795 948 1860; x_wconf 85' lang='lat' dir='ltr'>Roch.</span> <span class='ocrx_word' id='word_1_129' title='bbox 978 1795 1018 1860; x_wconf 91' lang='lat' dir='ltr'>H.</span> <span class='ocrx_word' id='word_1_130' title='bbox 1048 1797 1082 1860; x_wconf 85' lang='lat' dir='ltr'>T.</span> <span class='ocrx_word' id='word_1_131' title='bbox 1111 1816 1141 1879; x_wconf 91' lang='lat' dir='ltr'>p.</span> <span class='ocrx_word' id='word_1_132' title='bbox 1173 1797 1262 1874; x_wconf 87' lang='grc'><strong>236).</strong></span> <span class='ocrx_word' id='word_1_133' title='bbox 1306 1800 1400 1864; x_wconf 86' lang='lat' dir='ltr'>adde</span> 
     </span>
     <span class='ocr_line' id='line_1_16' title="bbox 209 1902 1401 1995; baseline -0.003 -17"><span class='ocrx_word' id='word_1_134' title='bbox 209 1913 294 1995; x_wconf 91' lang='lat' dir='ltr'>quod</span> <span class='ocrx_word' id='word_1_135' title='bbox 315 1904 399 1975; x_wconf 82' lang='grc' dir='ltr'><strong><em>αἰδώ</em></strong></span> <span class='ocrx_word' id='word_1_136' title='bbox 421 1906 547 1974; x_wconf 90' lang='lat' dir='ltr'>volebat</span> <span class='ocrx_word' id='word_1_137' title='bbox 569 1912 679 1973; x_wconf 89' lang='lat' dir='ltr'>contra</span> <span class='ocrx_word' id='word_1_138' title='bbox 700 1907 785 1986; x_wconf 91' lang='lat' dir='ltr'>quod</span> <span class='ocrx_word' id='word_1_139' title='bbox 807 1907 1014 1973; x_wconf 82' lang='lat' dir='ltr'>Aristarchus</span> <span class='ocrx_word' id='word_1_140' title='bbox 1037 1902 1134 1972; x_wconf 75' lang='lat' dir='ltr'>oldai:</span> <span class='ocrx_word' id='word_1_141' title='bbox 1156 1907 1328 1974; x_wconf 89' lang='lat' dir='ltr'>Herodian.</span> <span class='ocrx_word' id='word_1_142' title='bbox 1353 1911 1401 1976; x_wconf 89' lang='lat' dir='ltr'>ad</span> 
     </span>
     <span class='ocr_line' id='line_1_17' title="bbox 209 2009 1398 2090; baseline -0.002 -2"><span class='ocrx_word' id='word_1_143' title='bbox 209 2025 236 2088; x_wconf 92' lang='grc' dir='ltr'>Β</span> <span class='ocrx_word' id='word_1_144' title='bbox 258 2024 331 2090; x_wconf 85' lang='grc'><strong>262.</strong></span> <span class='ocrx_word' id='word_1_145' title='bbox 353 2009 391 2086; x_wconf 84' lang='lat' dir='ltr'>ci.</span> <span class='ocrx_word' id='word_1_146' title='bbox 413 2019 525 2084; x_wconf 88' lang='lat' dir='ltr'>Lebrs.</span> <span class='ocrx_word' id='word_1_147' title='bbox 548 2019 602 2082; x_wconf 92' lang='lat' dir='ltr'>Ar.</span> <span class='ocrx_word' id='word_1_148' title='bbox 625 2017 697 2083; x_wconf 82' lang='lat'>260.</span> <span class='ocrx_word' id='word_1_149' title='bbox 719 2018 767 2082; x_wconf 89' lang='lat' dir='ltr'>La</span> <span class='ocrx_word' id='word_1_150' title='bbox 789 2017 886 2083; x_wconf 90' lang='lat' dir='ltr'>Roch.</span> <span class='ocrx_word' id='word_1_151' title='bbox 909 2017 951 2083; x_wconf 92' lang='lat' dir='ltr'>H.</span> <span class='ocrx_word' id='word_1_152' title='bbox 973 2019 1008 2082; x_wconf 90' lang='lat' dir='ltr'>T.</span> <span class='ocrx_word' id='word_1_153' title='bbox 1034 2019 1102 2086; x_wconf 88' lang='lat'>181.</span> <span class='ocrx_word' id='word_1_154' title='bbox 1127 2018 1296 2084; x_wconf 87' lang='lat' dir='ltr'>Steinthal.</span> <span class='ocrx_word' id='word_1_155' title='bbox 1317 2021 1398 2086; x_wconf 80' lang='grc'><strong>478.</strong></span> 
     </span>
    </p>

    <p class='ocr_par' dir='ltr' id='par_1_3' title="bbox 211 2129 1404 3000">
     <span class='ocr_line' id='line_1_18' title="bbox 295 2129 1401 2212; baseline -0.003 -13"><span class='ocrx_word' id='word_1_156' title='bbox 295 2135 360 2199; x_wconf 88' lang='lat' dir='ltr'>iam</span> <span class='ocrx_word' id='word_1_157' title='bbox 382 2129 545 2198; x_wconf 86' lang='lat' dir='ltr'>Sidonium</span> <span class='ocrx_word' id='word_1_158' title='bbox 567 2129 809 2194; x_wconf 87' lang='lat' dir='ltr'>commentarios</span> <span class='ocrx_word' id='word_1_159' title='bbox 832 2129 865 2194; x_wconf 92' lang='lat' dir='ltr'>in</span> <span class='ocrx_word' id='word_1_160' title='bbox 887 2129 1060 2195; x_wconf 89' lang='lat' dir='ltr'>Homerum</span> <span class='ocrx_word' id='word_1_161' title='bbox 1081 2131 1297 2212; x_wconf 89' lang='lat' dir='ltr'>composuisse</span> <span class='ocrx_word' id='word_1_162' title='bbox 1319 2151 1401 2212; x_wconf 92' lang='lat' dir='ltr'>pro-</span> 
     </span>
     <span class='ocr_line' id='line_1_19' title="bbox 211 2239 1400 2324; baseline -0.004 -11"><span class='ocrx_word' id='word_1_163' title='bbox 211 2246 359 2314; x_wconf 91' lang='lat' dir='ltr'>babiliter</span> <span class='ocrx_word' id='word_1_164' title='bbox 382 2242 561 2308; x_wconf 87' lang='lat' dir='ltr'>Beccardus</span> <span class='ocrx_word' id='word_1_165' title='bbox 584 2239 734 2306; x_wconf 89' lang='lat' dir='ltr'>coniecit:</span> <span class='ocrx_word' id='word_1_166' title='bbox 769 2241 852 2305; x_wconf 93' lang='lat' dir='ltr'>unde</span> <span class='ocrx_word' id='word_1_167' title='bbox 875 2240 941 2305; x_wconf 93' lang='lat' dir='ltr'>sine</span> <span class='ocrx_word' id='word_1_168' title='bbox 964 2241 1061 2306; x_wconf 92' lang='lat' dir='ltr'>dubio</span> <span class='ocrx_word' id='word_1_169' title='bbox 1083 2259 1301 2324; x_wconf 89' lang='lat' dir='ltr'>quaecumque</span> <span class='ocrx_word' id='word_1_170' title='bbox 1324 2244 1400 2309; x_wconf 89' lang='lat' dir='ltr'>eius</span> 
     </span>
     <span class='ocr_line' id='line_1_20' title="bbox 216 2351 1404 2438; baseline -0.005 -13"><span class='ocrx_word' id='word_1_171' title='bbox 216 2363 343 2425; x_wconf 84' lang='lat' dir='ltr'>exstant</span> <span class='ocrx_word' id='word_1_172' title='bbox 365 2352 540 2420; x_wconf 89' lang='lat' dir='ltr'>sententiae</span> <span class='ocrx_word' id='word_1_173' title='bbox 562 2352 594 2417; x_wconf 93' lang='lat' dir='ltr'>in</span> <span class='ocrx_word' id='word_1_174' title='bbox 618 2351 758 2431; x_wconf 91' lang='lat' dir='ltr'>scholiis,</span> <span class='ocrx_word' id='word_1_175' title='bbox 780 2352 867 2432; x_wconf 91' lang='lat' dir='ltr'>apud</span> <span class='ocrx_word' id='word_1_176' title='bbox 883 2351 1084 2434; x_wconf 91' lang='lat' dir='ltr'>Apollonium</span> <span class='ocrx_word' id='word_1_177' title='bbox 1099 2353 1242 2434; x_wconf 86' lang='lat' dir='ltr'>sophist,</span> <span class='ocrx_word' id='word_1_178' title='bbox 1263 2353 1404 2438; x_wconf 83' lang='lat' dir='ltr'>Etyma-</span> 
     </span>
     <span class='ocr_line' id='line_1_21' title="bbox 214 2461 1403 2552; baseline -0.004 -17"><span class='ocrx_word' id='word_1_179' title='bbox 214 2471 331 2552; x_wconf 80' lang='lat' dir='ltr'>logum,</span> <span class='ocrx_word' id='word_1_180' title='bbox 355 2463 559 2532; x_wconf 84' lang='lat' dir='ltr'>Eustathium</span> <span class='ocrx_word' id='word_1_181' title='bbox 580 2469 714 2544; x_wconf 88' lang='lat' dir='ltr'>possunt</span> <span class='ocrx_word' id='word_1_182' title='bbox 735 2461 871 2529; x_wconf 87' lang='lat' dir='ltr'>fluxisse.</span> <span class='ocrx_word' id='word_1_183' title='bbox 884 2467 912 2542; x_wconf 79' lang='grc'>3)</span> <span class='ocrx_word' id='word_1_184' title='bbox 936 2464 1089 2544; x_wconf 89' lang='lat' dir='ltr'>equibus</span> <span class='ocrx_word' id='word_1_185' title='bbox 1112 2471 1266 2547; x_wconf 88' lang='lat' dir='ltr'>quantum</span> <span class='ocrx_word' id='word_1_186' title='bbox 1285 2466 1403 2532; x_wconf 92' lang='lat' dir='ltr'>videre</span> 
     </span>
     <span class='ocr_line' id='line_1_22' title="bbox 213 2573 1400 2662; baseline -0.004 -14"><span class='ocrx_word' id='word_1_187' title='bbox 213 2583 304 2662; x_wconf 84' lang='lat' dir='ltr'>licet,</span> <span class='ocrx_word' id='word_1_188' title='bbox 338 2579 370 2644; x_wconf 93' lang='lat' dir='ltr'>in</span> <span class='ocrx_word' id='word_1_189' title='bbox 400 2576 473 2643; x_wconf 89' lang='lat' dir='ltr'>crisi</span> <span class='ocrx_word' id='word_1_190' title='bbox 500 2574 686 2656; x_wconf 91' lang='lat' dir='ltr'>plerumque</span> <span class='ocrx_word' id='word_1_191' title='bbox 716 2573 770 2639; x_wconf 90' lang='lat' dir='ltr'>ille</span> <span class='ocrx_word' id='word_1_192' title='bbox 799 2574 937 2642; x_wconf 90' lang='lat' dir='ltr'>Homero</span> <span class='ocrx_word' id='word_1_193' title='bbox 961 2575 1144 2641; x_wconf 90' lang='lat' dir='ltr'>adhibenda</span> <span class='ocrx_word' id='word_1_194' title='bbox 1165 2581 1313 2642; x_wconf 85' lang='lat' dir='ltr'>versatus</span> <span class='ocrx_word' id='word_1_195' title='bbox 1336 2586 1400 2643; x_wconf 88' lang='lat' dir='ltr'>est.</span> 
     </span>
     <span class='ocr_line' id='line_1_23' title="bbox 214 2685 1402 2777; baseline -0.005 -17"><span class='ocrx_word' id='word_1_196' title='bbox 214 2697 326 2777; x_wconf 87' lang='lat' dir='ltr'>(quam</span> <span class='ocrx_word' id='word_1_197' title='bbox 355 2707 463 2756; x_wconf 90' lang='lat' dir='ltr'>curam</span> <span class='ocrx_word' id='word_1_198' title='bbox 493 2687 541 2752; x_wconf 91' lang='lat' dir='ltr'>La</span> <span class='ocrx_word' id='word_1_199' title='bbox 572 2685 678 2752; x_wconf 86' lang='lat' dir='ltr'>Roche</span> <span class='ocrx_word' id='word_1_200' title='bbox 706 2685 994 2766; x_wconf 76' lang='lat' dir='ltr'>perstrinxisti.)</span> <span class='ocrx_word' id='word_1_201' title='bbox 1022 2687 1134 2752; x_wconf 87' lang='lat' dir='ltr'>scribit</span> <span class='ocrx_word' id='word_1_202' title='bbox 1155 2692 1264 2753; x_wconf 90' lang='lat' dir='ltr'>autem</span> <span class='ocrx_word' id='word_1_203' title='bbox 1286 2695 1402 2754; x_wconf 90' lang='lat' dir='ltr'>noster</span> 
     </span>
     <span class='ocr_line' id='line_1_24' title="bbox 215 2789 1401 2884; baseline -0.005 -13"><span class='ocrx_word' id='word_1_204' title='bbox 215 2825 286 2872; x_wconf 87' lang='lat' dir='ltr'>cum</span> <span class='ocrx_word' id='word_1_205' title='bbox 309 2800 494 2868; x_wconf 83' lang='lat' dir='ltr'>Aristarcho</span> <span class='ocrx_word' id='word_1_206' title='bbox 515 2793 600 2862; x_wconf 78' lang='lat' dir='ltr'>aenei</span> <span class='ocrx_word' id='word_1_207' title='bbox 621 2795 719 2860; x_wconf 81' lang='grc' dir='ltr'><strong><em>δαῖτα</em></strong></span> <span class='ocrx_word' id='word_1_208' title='bbox 740 2800 781 2861; x_wconf 90' lang='lat' dir='ltr'>A</span> <span class='ocrx_word' id='word_1_209' title='bbox 795 2797 868 2862; x_wconf 81' lang='lat'>424.</span> <span class='ocrx_word' id='word_1_210' title='bbox 887 2789 1082 2884; x_wconf 76' lang='grc' dir='ltr'><em>Ἀτρείωνος</em></span> <span class='ocrx_word' id='word_1_211' title='bbox 1102 2801 1133 2861; x_wconf 88' lang='grc' dir='ltr'><strong><em>Β</em></strong></span> <span class='ocrx_word' id='word_1_212' title='bbox 1149 2799 1227 2877; x_wconf 83' lang='grc'><strong>192;</strong></span> <span class='ocrx_word' id='word_1_213' title='bbox 1250 2800 1307 2864; x_wconf 83' lang='lat' dir='ltr'>sed</span> <span class='ocrx_word' id='word_1_214' title='bbox 1325 2801 1401 2880; x_wconf 87' lang='lat' dir='ltr'>ple·</span> 
     </span>
     <span class='ocr_line' id='line_1_25' title="bbox 216 2903 1404 3000; baseline -0.006 -17"><span class='ocrx_word' id='word_1_215' title='bbox 216 2935 350 3000; x_wconf 90' lang='lat' dir='ltr'>rumque</span> <span class='ocrx_word' id='word_1_216' title='bbox 373 2911 542 2979; x_wconf 92' lang='lat' dir='ltr'>dissentire</span> <span class='ocrx_word' id='word_1_217' title='bbox 564 2909 605 2974; x_wconf 91' lang='lat' dir='ltr'>ab</span> <span class='ocrx_word' id='word_1_218' title='bbox 628 2907 683 2974; x_wconf 93' lang='lat' dir='ltr'>illo</span> <span class='ocrx_word' id='word_1_219' title='bbox 704 2908 861 2991; x_wconf 87' lang='lat' dir='ltr'>proditur,</span> <span class='ocrx_word' id='word_1_220' title='bbox 884 2903 1115 2976; x_wconf 84' lang='lat' dir='ltr'>cnm‘scribat:</span> <span class='ocrx_word' id='word_1_221' title='bbox 1150 2911 1242 2994; x_wconf 83' lang='grc' dir='ltr'><em>σφῶΐ</em></span> <span class='ocrx_word' id='word_1_222' title='bbox 1268 2914 1309 2974; x_wconf 83' lang='grc' dir='ltr'><em>Α</em></span> <span class='ocrx_word' id='word_1_223' title='bbox 1331 2911 1404 2994; x_wconf 79' lang='lat'>8⁴)</span> 
     </span>
    </p>
   </div>
   <div class='ocr_carea' id='block_1_3' title="bbox 216 3191 1405 3412">
    <p class='ocr_par' dir='ltr' id='par_1_4' title="bbox 216 3191 1405 3412">
     <span class='ocr_line' id='line_1_26' title="bbox 303 3191 1404 3305; baseline -0.009 -17"><span class='ocrx_word' id='word_1_224' title='bbox 303 3231 332 3305; x_wconf 93' lang='lat' dir='ltr'>l)</span> <span class='ocrx_word' id='word_1_225' title='bbox 356 3247 395 3288; x_wconf 89' lang='lat' dir='ltr'>ac.</span> <span class='ocrx_word' id='word_1_226' title='bbox 418 3227 539 3302; x_wconf 90' lang='lat' dir='ltr'>propter</span> <span class='ocrx_word' id='word_1_227' title='bbox 561 3220 693 3296; x_wconf 87' lang='lat' dir='ltr'>regulam</span> <span class='ocrx_word' id='word_1_228' title='bbox 715 3221 751 3280; x_wconf 89' lang='lat' dir='ltr'>de</span> <span class='ocrx_word' id='word_1_229' title='bbox 774 3215 844 3278; x_wconf 73' lang='grc' dir='ltr'><em>ἕθεν</em></span> <span class='ocrx_word' id='word_1_230' title='bbox 865 3220 1009 3296; x_wconf 89' lang='lat' dir='ltr'>positam,</span> <span class='ocrx_word' id='word_1_231' title='bbox 1043 3211 1090 3278; x_wconf 78' lang='grc' dir='ltr'>ὅτι</span> <span class='ocrx_word' id='word_1_232' title='bbox 1115 3191 1142 3277; x_wconf 77' lang='lat' dir='ltr'>ai&#39;</span> <span class='ocrx_word' id='word_1_233' title='bbox 1162 3213 1215 3295; x_wconf 81' lang='grc' dir='ltr'><em>μὲν</em></span> <span class='ocrx_word' id='word_1_234' title='bbox 1237 3215 1279 3289; x_wconf 81' lang='grc' dir='ltr'>εἰς</span> <span class='ocrx_word' id='word_1_235' title='bbox 1302 3211 1404 3296; x_wconf 73' lang='grc' dir='ltr'><em>ἁπλῆν</em></span> 
     </span>
     <span class='ocr_line' id='line_1_27' title="bbox 216 3313 1405 3412; baseline -0.011 -18"><span class='ocrx_word' id='word_1_236' title='bbox 216 3325 476 3412; x_wconf 78' lang='grc' dir='ltr'><em>μεταλαμβᾶνσιτσ,</em></span> <span class='ocrx_word' id='word_1_237' title='bbox 500 3321 668 3405; x_wconf 61' lang='lat' dir='ltr'>&amp;patarensis</span> <span class='ocrx_word' id='word_1_238' title='bbox 690 3317 903 3403; x_wconf 72' lang='grc' dir='ltr'><em>ἀναγινώσκειν</em></span> <span class='ocrx_word' id='word_1_239' title='bbox 926 3319 978 3396; x_wconf 78' lang='grc' dir='ltr'><strong><em>δεῖ,</em></strong></span> <span class='ocrx_word' id='word_1_240' title='bbox 1002 3318 1029 3380; x_wconf 80' lang='lat' dir='ltr'>ei</span> <span class='ocrx_word' id='word_1_241' title='bbox 1049 3316 1081 3381; x_wconf 75' lang='grc' dir='ltr'>δὲ</span> <span class='ocrx_word' id='word_1_242' title='bbox 1103 3317 1145 3391; x_wconf 79' lang='grc' dir='ltr'>εἰς</span> <span class='ocrx_word' id='word_1_243' title='bbox 1168 3314 1324 3395; x_wconf 79' lang='grc' dir='ltr'><em>σύνθετον,</em></span> <span class='ocrx_word' id='word_1_244' title='bbox 1348 3313 1405 3402; x_wconf 83' lang='lat' dir='ltr'>o&#39;p·</span> 
     </span>
    </p>
   </div>
   <div class='ocr_carea' id='block_1_4' title="bbox 216 3429 1405 3617">
    <p class='ocr_par' dir='ltr' id='par_1_5' title="bbox 216 3429 1405 3617">
     <span class='ocr_line' id='line_1_28' title="bbox 216 3429 406 3497; baseline -0.032 0"><span class='ocrx_word' id='word_1_245' title='bbox 216 3443 291 3497; x_wconf 80' lang='grc' dir='ltr'><strong>θοτο</strong></span> <span class='ocrx_word' id='word_1_246' title='bbox 331 3429 406 3493; x_wconf 73' lang='lat' dir='ltr'>stov.</span> 
     </span>
     <span class='ocr_line' id='line_1_29' title="bbox 294 3457 1405 3617; baseline -0.01 -19"><span class='ocrx_word' id='word_1_247' title='bbox 294 3457 334 3617; x_wconf 64' lang='grc' dir='ltr'>ν2η)</span> <span class='ocrx_word' id='word_1_248' title='bbox 358 3537 394 3598; x_wconf 86' lang='lat' dir='ltr'>cf.</span> <span class='ocrx_word' id='word_1_249' title='bbox 417 3535 519 3594; x_wconf 84' lang='lat' dir='ltr'>Lehrs.</span> <span class='ocrx_word' id='word_1_250' title='bbox 543 3551 592 3612; x_wconf 90' lang='lat' dir='ltr'>qu.</span> <span class='ocrx_word' id='word_1_251' title='bbox 615 3549 682 3606; x_wconf 89' lang='lat' dir='ltr'>epp.</span> <span class='ocrx_word' id='word_1_252' title='bbox 705 3549 735 3606; x_wconf 93' lang='lat' dir='ltr'>p.</span> <span class='ocrx_word' id='word_1_253' title='bbox 762 3533 838 3588; x_wconf 80' lang='lat'>12⁰:</span> <span class='ocrx_word' id='word_1_254' title='bbox 870 3548 987 3609; x_wconf 88' lang='lat' dir='ltr'>„neque</span> <span class='ocrx_word' id='word_1_255' title='bbox 1016 3531 1117 3587; x_wconf 62' lang='lat' dir='ltr'>maren</span> <span class='ocrx_word' id='word_1_256' title='bbox 1147 3527 1215 3586; x_wconf 91' lang='lat' dir='ltr'>ideo</span> <span class='ocrx_word' id='word_1_257' title='bbox 1237 3527 1405 3588; x_wconf 83' lang='lat' dir='ltr'>verebatur</span> 
     </span>
    </p>
   </div>
   <div class='ocr_carea' id='block_1_5' title="bbox 217 3621 1406 4242">
    <p class='ocr_par' dir='ltr' id='par_1_6' title="bbox 217 3621 1406 4128">
     <span class='ocr_line' id='line_1_30' title="bbox 217 3621 1404 3722; baseline -0.013 -17"><span class='ocrx_word' id='word_1_258' title='bbox 217 3641 272 3722; x_wconf 90' lang='lat' dir='ltr'>[ae.</span> <span class='ocrx_word' id='word_1_259' title='bbox 293 3633 499 3714; x_wconf 80' lang='lat' dir='ltr'>Aristarchus]</span> <span class='ocrx_word' id='word_1_260' title='bbox 522 3634 671 3694; x_wconf 87' lang='lat' dir='ltr'>discedere</span> <span class='ocrx_word' id='word_1_261' title='bbox 693 3637 724 3692; x_wconf 89' lang='lat' dir='ltr'>et</span> <span class='ocrx_word' id='word_1_262' title='bbox 745 3633 873 3692; x_wconf 75' lang='lat' dir='ltr'>scribere</span> <span class='ocrx_word' id='word_1_263' title='bbox 895 3629 1029 3710; x_wconf 78' lang='grc' dir='ltr'><em>πρόσθεν</em></span> <span class='ocrx_word' id='word_1_264' title='bbox 1052 3625 1123 3688; x_wconf 74' lang='lat' dir='ltr'>toa</span> <span class='ocrx_word' id='word_1_265' title='bbox 1145 3621 1310 3708; x_wconf 62' lang='lat' dir='ltr'>peripatercis,</span> <span class='ocrx_word' id='word_1_266' title='bbox 1334 3629 1404 3690; x_wconf 88' lang='lat' dir='ltr'>sine</span> 
     </span>
     <span class='ocr_line' id='line_1_31' title="bbox 218 3731 1405 3820; baseline -0.014 -14"><span class='ocrx_word' id='word_1_267' title='bbox 218 3747 308 3806; x_wconf 92' lang='lat' dir='ltr'>dubio</span> <span class='ocrx_word' id='word_1_268' title='bbox 331 3747 453 3820; x_wconf 88' lang='lat' dir='ltr'>propter</span> <span class='ocrx_word' id='word_1_269' title='bbox 475 3736 646 3800; x_wconf 88' lang='lat' dir='ltr'>adverbium</span> <span class='ocrx_word' id='word_1_270' title='bbox 669 3735 883 3812; x_wconf 87' lang='lat' dir='ltr'>praepositioni</span> <span class='ocrx_word' id='word_1_271' title='bbox 904 3734 1009 3794; x_wconf 88' lang='lat' dir='ltr'>simile.</span> <span class='ocrx_word' id='word_1_272' title='bbox 1046 3737 1088 3793; x_wconf 88' lang='lat' dir='ltr'>At</span> <span class='ocrx_word' id='word_1_273' title='bbox 1110 3752 1198 3812; x_wconf 86' lang='lat' dir='ltr'>quam</span> <span class='ocrx_word' id='word_1_274' title='bbox 1220 3731 1265 3791; x_wconf 86' lang='lat' dir='ltr'>illi</span> <span class='ocrx_word' id='word_1_275' title='bbox 1287 3731 1405 3792; x_wconf 81' lang='lat' dir='ltr'>Analo-</span> 
     </span>
     <span class='ocr_line' id='line_1_32' title="bbox 219 3834 1404 3927; baseline -0.016 -17"><span class='ocrx_word' id='word_1_276' title='bbox 219 3848 323 3927; x_wconf 82' lang='lat' dir='ltr'>getici,</span> <span class='ocrx_word' id='word_1_277' title='bbox 355 3846 406 3927; x_wconf 91' lang='lat' dir='ltr'>qui</span> <span class='ocrx_word' id='word_1_278' title='bbox 429 3863 489 3902; x_wconf 90' lang='lat' dir='ltr'>non</span> <span class='ocrx_word' id='word_1_279' title='bbox 511 3840 625 3900; x_wconf 89' lang='lat' dir='ltr'>modice</span> <span class='ocrx_word' id='word_1_280' title='bbox 648 3839 848 3918; x_wconf 88' lang='lat' dir='ltr'>sequebantur</span> <span class='ocrx_word' id='word_1_281' title='bbox 877 3837 1043 3913; x_wconf 84' lang='lat' dir='ltr'>analogiam</span> <span class='ocrx_word' id='word_1_282' title='bbox 1073 3836 1123 3914; x_wconf 84' lang='lat' dir='ltr'>(af.</span> <span class='ocrx_word' id='word_1_283' title='bbox 1145 3834 1238 3894; x_wconf 85' lang='lat' dir='ltr'>Arist.</span> <span class='ocrx_word' id='word_1_284' title='bbox 1260 3854 1290 3910; x_wconf 87' lang='lat' dir='ltr'>p.</span> <span class='ocrx_word' id='word_1_285' title='bbox 1314 3835 1404 3912; x_wconf 83' lang='lat'>259),</span> 
     </span>
     <span class='ocr_line' id='line_1_33' title="bbox 219 3937 1406 4026; baseline -0.013 -13"><span class='ocrx_word' id='word_1_286' title='bbox 219 3953 319 4013; x_wconf 87' lang='lat' dir='ltr'>emnia</span> <span class='ocrx_word' id='word_1_287' title='bbox 334 3946 586 4026; x_wconf 88' lang='lat' dir='ltr'>disperdidissent,</span> <span class='ocrx_word' id='word_1_288' title='bbox 611 3942 654 4018; x_wconf 81' lang='lat' dir='ltr'>(in</span> <span class='ocrx_word' id='word_1_289' title='bbox 669 3940 790 4001; x_wconf 81' lang='lat' dir='ltr'>Sidonio</span> <span class='ocrx_word' id='word_1_290' title='bbox 806 3946 904 4000; x_wconf 90' lang='lat' dir='ltr'>autem</span> <span class='ocrx_word' id='word_1_291' title='bbox 919 3941 997 3999; x_wconf 88' lang='lat' dir='ltr'>hanc</span> <span class='ocrx_word' id='word_1_292' title='bbox 1010 3940 1134 3998; x_wconf 89' lang='lat' dir='ltr'>haerere</span> <span class='ocrx_word' id='word_1_293' title='bbox 1157 3937 1272 4013; x_wconf 90' lang='lat' dir='ltr'>eulpam</span> <span class='ocrx_word' id='word_1_294' title='bbox 1296 3937 1406 3997; x_wconf 88' lang='lat' dir='ltr'>etiam·</span> 
     </span>
     <span class='ocr_line' id='line_1_34' title="bbox 220 4041 1279 4128; baseline -0.023 -8"><span class='ocrx_word' id='word_1_295' title='bbox 220 4076 299 4120; x_wconf 87' lang='lat' dir='ltr'>nuuc</span> <span class='ocrx_word' id='word_1_296' title='bbox 321 4055 488 4128; x_wconf 80' lang='lat' dir='ltr'>fragmenta</span> <span class='ocrx_word' id='word_1_297' title='bbox 507 4046 643 4128; x_wconf 87' lang='lat' dir='ltr'>quamvis</span> <span class='ocrx_word' id='word_1_298' title='bbox 665 4063 759 4122; x_wconf 89' lang='lat' dir='ltr'>panca</span> <span class='ocrx_word' id='word_1_299' title='bbox 781 4043 909 4120; x_wconf 88' lang='lat' dir='ltr'>docent),</span> <span class='ocrx_word' id='word_1_300' title='bbox 932 4043 982 4102; x_wconf 88' lang='lat' dir='ltr'>hie</span> <span class='ocrx_word' id='word_1_301' title='bbox 1004 4041 1093 4101; x_wconf 79' lang='lat' dir='ltr'>etiam</span> <span class='ocrx_word' id='word_1_302' title='bbox 1116 4041 1279 4102; x_wconf 87' lang='lat' dir='ltr'>videmus“.</span> 
     </span>
    </p>

    <p class='ocr_par' dir='ltr' id='par_1_7' title="bbox 305 4141 1405 4242">
     <span class='ocr_line' id='line_1_35' title="bbox 305 4141 1405 4242; baseline -0.011 -26.778"><span class='ocrx_word' id='word_1_303' title='bbox 305 4159 336 4236; x_wconf 84' lang='grc'>3)</span> <span class='ocrx_word' id='word_1_304' title='bbox 359 4154 538 4234; x_wconf 87' lang='lat' dir='ltr'>peculiarem</span> <span class='ocrx_word' id='word_1_305' title='bbox 560 4148 675 4242; x_wconf 86' lang='lat' dir='ltr'>Sidonii</span> <span class='ocrx_word' id='word_1_306' title='bbox 697 4149 733 4206; x_wconf 89' lang='lat' dir='ltr'>de</span> <span class='ocrx_word' id='word_1_307' title='bbox 755 4147 939 4206; x_wconf 86' lang='lat' dir='ltr'>athatoaibus</span> <span class='ocrx_word' id='word_1_308' title='bbox 960 4143 1111 4205; x_wconf 88' lang='lat' dir='ltr'>exstitisse</span> <span class='ocrx_word' id='word_1_309' title='bbox 1138 4143 1247 4203; x_wconf 88' lang='lat' dir='ltr'>librum</span> <span class='ocrx_word' id='word_1_310' title='bbox 1269 4141 1405 4219; x_wconf 83' lang='lat' dir='ltr'>auspica-</span> 
     </span>
    </p>
   </div>
   <div class='ocr_carea' id='block_1_6' title="bbox 220 4237 1306 4443">
    <p class='ocr_par' dir='ltr' id='par_1_8' title="bbox 220 4237 1306 4443">
     <span class='ocr_line' id='line_1_36' title="bbox 220 4237 717 4330; baseline -0.023 -8.698"><span class='ocrx_word' id='word_1_311' title='bbox 220 4267 269 4322; x_wconf 90' lang='lat' dir='ltr'>tur</span> <span class='ocrx_word' id='word_1_312' title='bbox 220 4261 335 4322; x_wconf 88' lang='lat' dir='ltr'>tLa</span> <span class='ocrx_word' id='word_1_313' title='bbox 356 4258 457 4318; x_wconf 86' lang='lat' dir='ltr'>Roche</span> <span class='ocrx_word' id='word_1_314' title='bbox 478 4257 517 4316; x_wconf 88' lang='lat' dir='ltr'>H.</span> <span class='ocrx_word' id='word_1_315' title='bbox 540 4255 571 4313; x_wconf 84' lang='lat' dir='ltr'>T.</span> <span class='ocrx_word' id='word_1_316' title='bbox 594 4237 622 4330; x_wconf 87' lang='lat' dir='ltr'>p.</span> <span class='ocrx_word' id='word_1_317' title='bbox 650 4256 717 4312; x_wconf 83' lang='lat'>108</span> 
     </span>
     <span class='ocr_line' id='line_1_37' title="bbox 307 4296 1306 4443; baseline -0.012 -21.755"><span class='ocrx_word' id='word_1_318' title='bbox 307 4363 398 4443; x_wconf 82' lang='lat' dir='ltr'>4).ss</span> <span class='ocrx_word' id='word_1_319' title='bbox 422 4359 530 4418; x_wconf 82' lang='lat' dir='ltr'>Friedl.</span> <span class='ocrx_word' id='word_1_320' title='bbox 553 4351 1027 4430; x_wconf 76' lang='lat' dir='ltr'>Ariston.‚1)ind.adh.l.ha</span> <span class='ocrx_word' id='word_1_321' title='bbox 1048 4296 1142 4410; x_wconf 79' lang='lat' dir='ltr'>Roch.</span> <span class='ocrx_word' id='word_1_322' title='bbox 1167 4347 1239 4410; x_wconf 80' lang='lat'>357.</span> <span class='ocrx_word' id='word_1_323' title='bbox 1304 4419 1306 4426; x_wconf 21' lang='grc' dir='ltr'>Ι</span> 
     </span>
    </p>
   </div>
   <div class='ocr_carea' id='block_1_7' title="bbox 0 0 1500 4812">
    <p class='ocr_par' dir='ltr' id='par_1_9' title="bbox 0 0 1500 4812">
     <span class='ocr_line' id='line_1_38' title="bbox 0 0 1500 4812; baseline 0 0"><span class='ocrx_word' id='word_1_324' title='bbox 0 0 1500 4812; x_wconf 95' lang='lat' dir='ltr'> </span> 
     </span>
    </p>
   </div>
  </div>
 </body>
</html>
