2962 4812
563 165 776 230 -ss3..

70 352 173 400 ausus
203 334 247 400 sit
277 334 437 414 imputare
466 371 510 382 -
540 335 624 415 qnod
660 337 697 398 nt
726 333 948 427 redargueret,
983 353 1044 402 non
1077 336 1125 402 ita
1157 334 1263 403 hercle

72 464 226 526 magnam
250 444 385 510 callente
408 445 584 513 doctrinam
607 461 687 525 opus
709 443 772 510 fuit
794 443 974 512 scholiasta.

160 555 265 620 multo
286 561 395 622 autem
417 557 574 638 ampliora
595 573 710 636 operae
732 572 826 635 quam
851 554 988 622 Pindaro
1009 557 1141 624 Chaeris
1163 578 1261 626 nava-

72 668 135 746 vit,
170 667 311 750 vestigia
338 669 371 731 in
405 667 532 735 scholiis
554 667 672 732 nostris
694 672 889 747 comparent.
927 667 971 733 ibi
994 667 1077 732 enim
1102 669 1206 734 decies
1228 669 1261 734 ln

73 777 299 842 testimonium
321 777 374 843 ille
397 783 547 857 vocatur,
580 777 636 858 qui
666 776 727 844 loci
754 775 821 841 fere
852 795 960 844 omlnes
982 779 1110 844 suntin
1134 778 1267 846 scholiis

73 887 171 970 aym.
187 887 250 954 rv:
276 889 324 954 ro.
348 889 398 954 er.
424 888 493 954 rso.
519 888 590 954 res.
615 889 686 954 roa.
708 862 780 954 iso.
803 889 876 954 era.
898 887 971 954 ιιι.
994 889 1073 969 aaa
1095 897 1263 972 praeterea

72 1001 112 1064 ad
143 999 238 1064 Nem.
270 1001 301 1082 1,
326 1001 377 1066 49.
407 1007 445 1064 ut
473 1001 606 1065 eandem
637 1018 732 1081 quam
761 1005 904 1065 veterum
927 999 1137 1082 interpretum
1164 1001 1259 1066 multi

72 1117 194 1176 sortem
211 1109 344 1176 chaeris
359 1111 507 1178 videatur
528 1127 640 1193 passus
663 1128 742 1192 esse,
765 1129 846 1192 quae
869 1109 989 1176 scilicet
1012 1111 1043 1175 in
1065 1111 1174 1192 aliqua
1189 1117 1260 1178 tan-

72 1227 140 1286 tum
166 1221 238 1288 eius
261 1221 432 1303 scriptoris,
455 1239 548 1303 quem
568 1223 609 1287 ad
624 1221 849 1288 illustrandum
870 1221 932 1288 sibi
948 1223 1145 1304 sumpsisset,
1167 1229 1261 1305 parte

71 1333 257 1398 studiorum
280 1332 432 1414 reliquias
454 1333 569 1398 ceteris
590 1332 719 1400 abolitis
740 1333 782 1398 ad
805 1339 947 1398 nostram
970 1333 1154 1398 memoriam
1177 1334 1259 1399 sive·

72 1446 117 1508 rit
139 1443 231 1509 ferri.
269 1443 446 1508 interillos
469 1448 577 1510 autem
599 1461 677 1526 quos
708 1443 804 1510 attuli
833 1445 917 1509 locos
940 1444 1083 1510 nonnulli
1104 1445 1259 1526 interpre-

72 1557 114 1620 tis
136 1560 217 1621 sunt
239 1553 350 1638 (schol.
372 1554 461 1620 Nem.
484 1556 519 1637 I,
540 1555 592 1620 49.
614 1555 711 1638 Pyth.
731 1555 795 1633 IV,
819 1556 868 1620 18.
894 1553 965 1620 156.
987 1555 1085 1640 313),
1115 1555 1259 1638 plerique

72 1666 192 1746 critici;
216 1671 314 1746 atque
334 1666 366 1731 in
389 1667 435 1732 eis
457 1666 586 1747 quidem
608 1675 674 1731 tam
696 1683 799 1748 aequa
821 1665 960 1747 fortuna,
982 1666 1078 1731 immo
1099 1671 1165 1732 tam
1182 1685 1258 1732 sano

73 1777 193 1842 iudicio
223 1795 323 1858 eoque
352 1777 495 1842 acumine
526 1795 592 1842 rem
623 1795 713 1842 snam
742 1777 862 1857 gessit,
892 1784 929 1842 ut
960 1777 1109 1844 nonnulla
1140 1796 1258 1858 eorum,

73 1907 157 1970 qnae
181 1887 307 1952 viderat
328 1887 391 1970 ille,
413 1887 454 1953 ab
476 1893 604 1953 nostrae
619 1889 737 1954 aetatis
760 1889 836 1954 viris
852 1889 955 1954 doctis
977 1909 1038 1955 non
1054 1889 1259 1971 comprobata

74 2007 212 2080 tantum,
235 2001 292 2064 sed
314 1999 411 2064 etiam
433 2000 465 2064 in
489 2005 611 2064 textum
626 2009 755 2081 recepta
775 2001 848 2066 sint.
864 2000 894 2083 ¹)
932 2007 1071 2067 ceterum
1088 2001 1178 2068 nobis
1194 2002 1276 2068 sin-1

76 2111 153 2191 gula
175 2110 280 2176 obiter
301 2110 466 2176 strinxisse
497 2111 576 2176 satis
598 2111 705 2176 luerit.
727 2111 824 2176 schol.
852 2111 945 2194 Pyth.
968 2112 1028 2191 IV,
1060 2113 1099 2178 61
1132 2108 1257 2195 Χαῖρίς

74 2241 156 2306 φησι
180 2220 251 2285 δεῖν
271 2216 407 2308 γράφειν
430 2217 616 2308 παρατυχόν
623 2271 631 2302 ,
665 2221 713 2286 ἵν’
735 2213 756 2310 ᾗ
777 2241 785 2257 ·
808 2214 1002 2309 ἀναρπάσας
1033 2219 1069 2288 δὲ
1099 2215 1198 2300 εὐθὺς
1220 2221 1256 2288 ἐκ

74 2333 131 2419 τῆς
152 2334 211 2418 γῆς
231 2332 272 2420 τῇ
293 2331 387 2420 δεξιᾷ
413 2329 497 2419 χειρὶ
526 2331 564 2398 ιδ
595 2331 780 2418 παρατοχδν
809 2330 914 2414 ξένιον
937 2329 1041 2421 ἐζήτει
1063 2337 1258 2419 παρασχεῖν,

77 2437 159 2528 ὅπερ
181 2433 218 2530 ip
239 2437 259 2530 ἡ
279 2442 395 2526 βῶλος.
432 2444 511 2510 haec
533 2451 582 2510 est
604 2463 696 2527 quam
728 2451 830 2510 metro
852 2447 1074 2512 adversantem
1097 2447 1256 2512 coniectu·

77 2574 144 2620 ram
166 2555 346 2622 Boeokhius
368 2555 456 2622 dicit.
478 2557 534 2622 sed
556 2563 643 2623 recte
665 2559 733 2622 sine
756 2557 852 2622 dnbio
874 2557 1046 2640 Bergkius:
1075 2552 1256 2644 ,προτυχόν

78 2667 205 2732 videtur
227 2665 359 2732 Chaonis
385 2668 425 2733 de
449 2668 629 2735 coniectura
650 2668 847 2748 restituisse,
878 2686 949 2732 cum
980 2669 1055 2734 olim
1086 2663 1255 2754 πραιαχών

79 2777 247 2860 legeretur.
269 2778 373 2844 Schol.
395 2781 519 2866 Χαῖρις
541 2777 578 2845 δέ
601 2801 681 2866 φησι
703 2779 773 2844 δεῖν
794 2775 930 2866 γράφειν
952 2775 1122 2866 προεοχόν,
1144 2781 1191 2845 ita
1207 2781 1255 2862 G,

78 2888 243 2972 legebatur
258 2885 454 2973 παρατυχόν,
477 2910 539 2973 quo
561 2891 714 2958 vocabulo
729 2891 826 2956 schol.
850 2892 999 2973 deinceps
1022 2893 1255 2973 interpretandi

81 3002 185 3082 gratia
207 3000 382 3083 utitur.“²)
404 3039 446 3048 -
476 3003 561 3068 idem
583 3003 783 3070 verisimilem
806 3009 892 3070 certe
914 3008 946 3068 et
976 3022 997 3066 a
1025 3003 1161 3084 Bergkio
1184 3004 1254 3084 qui-

81 3113 148 3178 dem
162 3110 340 3194 praelatam
356 3113 546 3195 scripturam
561 3115 680 3180 invenit
702 3133 731 3180 v.
747 3114 821 3195 189,
842 3113 897 3179 ubi
912 3132 971 3194 pro
987 3115 1109 3180 tradita
1131 3107 1254 3197 οἴκαδ’,

81 3215 214 3308 ἀρχαίαν
233 3219 379 3307 κομίζων
400 3225 581 3291 emendavit
603 3217 723 3306 οἴκαδ’,
747 3217 849 3311 ἀρχάν
870 3215 1063 3309 άμκομῖζων.
1076 3229 1106 3308 3)
1139 3245 1167 3290 v.
1190 3226 1253 3291 445

167 3397 195 3476 1)
225 3397 257 3456 in
287 3399 459 3459 universum
489 3401 525 3458 de
556 3399 599 3458 cis
632 3399 744 3460 iudicat
774 3399 958 3473 Boeokhius,
990 3399 1087 3458 Praei.
1110 3420 1137 3476 p.
1161 3399 1253 3460 XVI:

82 3499 215 3572 „Chaonia
236 3534 294 3574 -,
326 3503 377 3581 qui
399 3508 517 3578 praeter
543 3502 820 3578 interpretationem
850 3507 880 3562 et
916 3503 1026 3561 indicia
1048 3521 1123 3582 qnae
1145 3509 1254 3563 vocant

84 3603 237 3663 aesthetiea
260 3605 444 3684 coniecturas
466 3625 554 3664 ausus
576 3611 629 3678 eet,
652 3605 742 3684 Pyth.
766 3605 817 3679 IV,
842 3610 890 3664 61.
922 3609 1015 3664 metro
1038 3607 1252 3680 adversantem,
1354 3653 1356 3658 ,

84 3707 128 3764 sed
150 3707 258 3764 bonam
281 3711 311 3766 et
333 3727 413 3768 nunc
433 3714 583 3785 receptam
605 3709 694 3786 Pyth.
718 3709 769 3782 IV,
797 3713 864 3768 195.
903 3714 934 3769 et
961 3709 1141 3786 spernendas
1162 3709 1252 3786 Pyth.

84 3809 129 3882 lv,
155 3812 223 3867 roe.
246 3813 316 3868 aee.
339 3813 431 3870 eoam

162 3913 193 3988 2)
216 3911 253 3971 of.
275 3913 465 3974 Mommsen:
492 3906 662 3993 ,προταχόν
694 3914 782 3990 (hano
804 3913 956 3974 chaeridis
979 3912 1138 3974 lectionem
1159 3915 1251 3976 fuisse

85 4033 178 4073 omnes
199 4035 266 4075 mss.
289 4020 451 4090 testantur,
484 4037 544 4076 non
567 4010 753 4097 παρατυχόν;
786 4016 816 4076 id
839 4017 917 4074 enim
939 4020 984 4076 est
1005 4015 1251 4094 interpretamen-

85 4116 296 4178 traiectionis
318 4114 508 4198 προταχόν).“

161 4223 193 4290 31
215 4220 268 4278 ιι1ιί
291 4241 350 4280 non
366 4222 465 4282 moror
480 4221 641 4298 Bergkium
656 4241 696 4281 ex
725 4222 772 4280 his
795 4240 870 4300 quae
892 4222 924 4281 in
946 4221 1038 4283 schol.
1053 4227 1122 4280 sunt
1143 4211 1187 4279 ἵν’
1209 4206 1250 4303 ᾗ

85 4317 132 4400 τὴν
152 4314 245 4402 ἇρχήν
267 4317 521 4400 ἀνακομισάμενος
550 4320 609 4384 aci.
642 4324 830 4398 colligentem
859 4324 947 4384 etiam
970 4315 1136 4406 άγιιομίξων
1158 4323 1250 4384 Chae·
