2962 4812
697 159 909 224 „14-

216 349 244 394 v.
278 331 336 396 21:
369 327 607 408 σονεσχολανώς
637 327 674 392 δὲ
708 326 812 394 πολὺν
845 321 1050 416 Ἀριστάρχῳ
1082 325 1205 415 χρόνον.
1250 331 1340 396 uobis
1374 350 1396 396 e

217 441 313 508 variis
336 441 430 506 huius
452 441 511 506 uiri
534 441 651 506 studiis
666 459 769 520 pauca
784 441 864 506 satis
882 441 944 506 erit
958 443 1125 525 stringere,
1148 461 1230 525 quae
1252 443 1294 507 ad
1317 443 1396 506 doc-

216 553 333 617 trinam
354 552 591 617 Aristarcheam
615 550 785 631 pertinent.
822 556 919 632 atque
940 552 1085 634 inprimis
1107 553 1314 634 attingendae
1336 551 1396 617 ob-

218 665 411 728 servationes
441 663 527 728 illius
556 663 598 726 ad
630 662 857 727 homericarum
890 664 1064 728 carminum
1088 681 1138 728 res
1160 662 1395 744 geographicas

216 779 249 838 et
271 773 538 854 chorographicas
560 779 749 854 spectamen,
771 791 850 854 quas
873 775 1042 854 protulisse
1064 794 1135 838 eum
1158 780 1337 839 notumest
1361 775 1393 838 in

217 884 443 950 commentario
465 883 519 948 illo
542 901 634 964 quem
652 884 827 964 composuit
850 883 928 967 περὶ
950 889 1028 948 νεῶν
1048 881 1229 968 καταλόγου
1242 885 1272 968 ¹)
1295 884 1396 950 libro·

217 1015 286 1061 mm
309 995 387 1072 xn,
417 995 588 1076 plurimum
611 993 665 1057 illo
686 1013 706 1057 a
729 993 884 1060 Strabone
907 999 1113 1082 usurpato2).
1156 999 1188 1062 in
1210 997 1396 1062 universum

215 1107 314 1188 igitur
329 1105 539 1188 Apollodorus
561 1107 600 1169 de
615 1104 665 1169 his
680 1105 774 1171 rebus
789 1124 880 1170 suum
901 1107 977 1174 fecit
992 1108 1215 1174 Eratosthenis
1229 1109 1394 1188 iudicium,

215 1235 277 1298 quo
299 1215 471 1280 Homerum
494 1235 566 1282 cum
589 1223 683 1282 antea
711 1217 925 1298 quarumlibet
947 1237 1051 1282 rerum
1080 1221 1286 1300 perhiberent
1309 1221 1394 1301 peri-

217 1335 302 1406 tum,
334 1327 435 1392 multa
462 1327 531 1409 ipre
561 1329 681 1392 nescire
713 1347 783 1392 cum
814 1328 867 1393 illo
899 1329 1018 1409 optime
1049 1330 1183 1411 vidit3).
1226 1349 1255 1394 v.
1287 1331 1395 1395 Strab.

217 1459 248 1520 p.
271 1439 333 1503 298
356 1425 377 1501 ἀ
400 1433 431 1500 δ’
452 1429 706 1522 Ἀπολλόδωρος
729 1435 763 1502 ἐν
784 1436 830 1522 τῷ
853 1436 990 1522 δευτέρῳ
1013 1437 1090 1525 περὶ
1113 1441 1191 1504 νεῶν
1213 1463 1395 1526 προοιμια-

220 1544 353 1632 ζόμενος
382 1541 506 1632 εἴρηκεν
536 1543 650 1634 ἥκιστα
680 1540 792 1632 λέγοιτ’
825 1544 878 1613 ἀν.
905 1547 1034 1615 ἐπαινεῖ
1064 1549 1125 1636 γὰρ
1143 1545 1396 1638 Ἐρατοσθένους
1446 1599 1451 1610 ·

219 1653 400 1744 ἀπόφασιν,
424 1655 473 1722 ὅτι
497 1657 594 1744 φησὶν
616 1655 738 1735 ἐκεῖνος
760 1657 815 1724 καί
836 1656 979 1746 Ὅμηρον
1001 1660 1155 1740 καὶτοὺς
1178 1658 1296 1740 ἀλλους
1319 1663 1397 1740 τούς

220 1767 381 1846 παλαιοὺς
402 1767 442 1834 τοὶ
464 1767 524 1853 μὲν
539 1764 704 1854 Ἑλληνικὰ
725 1765 862 1850 εἰδέναι,
886 1775 949 1836 τῶν
971 1771 1008 1836 δὲ
1030 1770 1144 1862 πόρρω
1167 1773 1291 1862 πολλὴν
1312 1771 1397 1856 ἕλεσιν

219 1875 389 1966 ἀπειρίαν,
419 1873 574 1966 ἀπείρους
602 1879 662 1964 μὲν
690 1886 822 1967 μακρῶν
850 1876 933 1946 ὁδῶν
961 1876 1056 1961 ὄντας
1083 1878 1239 1972 ἀπείρους
1270 1885 1306 1951 δὲ
1338 1887 1395 1950 τοῖ’

219 1988 459 2058 ναυτίλλεσθαι.
484 1996 661 2078 συνηγορῶν
683 1991 720 2058 δὲ
741 1988 867 2070 τούτοις
886 1989 949 2058 aad.
963 1995 994 2078 4)
1021 1995 1058 2060 cf.
1083 1997 1294 2077 Sengebuech.
1310 1997 1394 2063 hom.

221 2107 295 2170 diss.
326 2123 372 2184 pr.
403 2122 433 2184 p.
454 2103 514 2168 43:
548 2104 789 2182 „Eratosthenis
818 2123 891 2170 vero
921 2107 1127 2187 sententiam,
1157 2106 1320 2190 quiquid
1349 2109 1395 2173 rei

220 2222 305 2284 esset
327 2215 487 2298 ingeniose
509 2215 625 2293 docuit,
649 2214 740 2280 multi
762 2215 890 2297 quidem
912 2217 1189 2300 impugnaverunt,
1212 2225 1248 2284 ut
1269 2219 1394 2298 Straba,

221 2327 422 2392 doctissimus
445 2330 549 2389 tamen
574 2326 707 2408 quisque
729 2344 817 2392 suam
841 2325 925 2393 fecit.
969 2329 1021 2392 Ita
1042 2329 1144 2409 egisse
1168 2331 1392 2412 Apollodorum

222 2436 399 2503 Aristarchi
433 2435 621 2516 discipulum
662 2437 775 2502 Strabo
810 2437 980 2519 patefacit3
1015 2440 1233 2508 Aristarchum
1272 2460 1396 2524 quoque

222 2551 325 2631 ipsum
349 2549 379 2612 in
403 2546 625 2612 Eratosthenis
640 2548 822 2613 discessisse
837 2556 946 2630 partes
962 2550 1081 2616 scholia
1103 2551 1229 2616 abunde
1251 2554 1396 2618 docent“.

221 2696 262 2706 -
285 2660 387 2724 eidem
410 2659 441 2723 in
465 2658 574 2722 multis
596 2657 689 2723 rebus
712 2658 907 2726 Demetrium
931 2661 1094 2743 Scepsium
1115 2661 1213 2728 fuisse
1235 2669 1394 2727 auctorem

223 2769 338 2835 Strabo
360 2768 473 2848 refert;
496 2788 523 2831 v.
546 2787 576 2849 p.
592 2768 649 2832 45:
683 2761 751 2834 οὐδ’
772 2764 789 2834 ὁ
807 2766 955 2858 Σκήψιος
976 2771 1014 2836 δὲ
1036 2769 1221 2861 Δημήτριος
1243 2764 1286 2852 εὗ,
1308 2766 1394 2838 ἀλλά

221 2877 277 2944 καί
292 2883 338 2966 τῷ
350 2871 594 2964 Ἀπολλοδώρῳ
609 2880 673 2944 τῶν
689 2877 855 2969 ἁμαρτιῶν
871 2879 963 2948 ἐνίων
978 2879 1084 2960 αίτιος
1101 2883 1224 2960 ἐκεῖνος
1239 2882 1396 2972 caudeam

311 3089 339 3164 1)
364 3088 497 3146 nussam.
522 3088 555 3144 11.
579 3107 607 3164 p.
632 3093 702 3160 aaa,
727 3095 775 3148 aa.

310 3191 341 3268 2)
363 3211 390 3248 v.
415 3190 516 3248 Lehrs.
540 3195 590 3250 Ar.
613 3211 639 3266 p.
666 3197 736 3250 250.
769 3193 841 3251 Bon.
865 3195 969 3267 Niese,
1001 3195 1187 3270 ‘Apollodors
1218 3203 1398 3255 commentar

223 3313 303 3352 zum¹
320 3293 552 3366 echiffsoataloge
583 3295 626 3352 als
657 3295 753 3374 quelle
780 3295 909 3354 Strabos'
936 3297 968 3354 in
992 3299 1066 3358 Mus.
1090 3299 1186 3360 Rhen.
1217 3305 1238 3358 t.
1268 3299 1396 3356 XXXII

221 3415 251 3471 p.
275 3394 451 3454 267-307.

310 3497 341 3574 3)
369 3496 438 3556 talis
467 3497 570 3576 quanti
609 3499 648 3558 sit
676 3499 706 3558 in
737 3491 936 3576 intellegendo
965 3521 1138 3578 progressus
1169 3511 1274 3580 sponte
1304 3511 1395 3580 patet.

224 3601 302 3680 quod
326 3601 404 3658 enim
426 3601 561 3659 homines
584 3602 626 3659 eis
649 3621 722 3680 quoa
740 3604 840 3678 stipsi
857 3605 1068 3664 adamaverunt
1083 3612 1112 3665 et
1127 3607 1263 3665 admirari
1287 3609 1397 3685 pieque

223 3703 319 3761 colere
350 3721 367 3760 a
390 3703 548 3760 maioribus
571 3703 750 3776 didicerunt,
782 3705 930 3783 quaslibet
951 3709 1096 3782 perfectas
1118 3710 1243 3768 virtutes
1265 3709 1397 3768 tribuere

223 3804 320 3864 solent
340 3810 430 3883 atque
452 3805 654 3863 auctoritatem
677 3825 771 3882 paene
794 3809 973 3868 absolutam:
1002 3811 1051 3868 hic
1079 3811 1229 3870 sollemnis
1251 3813 1397 3870 humanae

224 3911 346 3964 naturae
368 3905 474 3962 insitus
496 3924 577 3964 error
599 3926 695 3986 neque
718 3909 743 3966 is
766 3928 782 3966 a
804 3917 905 3968 nostra
927 3918 1022 3971 aetate
1038 3913 1158 3972 alienus.
1190 3915 1299 3992 quippe
1315 3915 1397 3973 lente

224 4027 258 4066 ac
287 4027 351 4066 sero
385 4008 468 4066 crisis
498 4010 684 4068 subnascitur
713 4018 802 4090 atque
832 4032 866 4070 ea
892 4015 1041 4074 iudicandi
1063 4015 1199 4088 libertas,
1230 4037 1288 4096 qua
1321 4037 1397 4096 quae

224 4111 361 4186 propriae
384 4111 489 4189 cuique
512 4112 572 4169 sint
593 4113 726 4185 virtutes,
750 4133 825 4191 quae
848 4117 952 4189 desint,
977 4117 1114 4176 distincte
1130 4137 1305 4193 pernoscere
1328 4139 1397 4196 pos-

225 4213 324 4284 simus,
348 4213 484 4271 omnibus
507 4221 639 4272 nostrum
662 4216 802 4274 adhibere
823 4217 964 4276 iudicium
987 4221 1154 4280 audeamus.

312 4313 344 4394 4)
366 4336 396 4375 v.
421 4315 523 4374 Lehrs.
546 4321 597 4375 An.
620 4337 650 4394 p.
673 4323 734 4376 252
758 4339 823 4400 sqq.
