2962 4812
612 451 756 524 xvm.
795 451 1035 544 Apollonius.

321 623 416 668 unum
447 623 465 668 e
495 603 605 668 multis
642 601 772 668 huiusce
808 603 943 668 nominis
974 602 1197 683 hominibus1)
1235 602 1419 668 Aristarchi
1472 665 1473 684 ,

234 713 548 796 fuissentsummum
571 713 614 778 u.
637 711 803 779 mimium
826 732 959 780 acumen
982 714 1166 796 indagavit,
1190 713 1263 779 nro.
1285 733 1317 795 p.
1340 715 1419 780 naa.

232 828 277 894 ibi
309 827 390 891 enim
418 825 456 891 V.
479 824 509 890 S.
540 842 611 891 cum
642 823 682 888 de
714 823 903 890 scholiorum
935 824 966 889 in
999 825 1244 908 Aristophanem
1274 824 1419 890 fontibus

233 937 332 1004 verba
354 935 452 1002 faciat
481 937 529 1000 ita
550 935 707 1018 loquitur:
736 932 810 1016 „Tol
840 932 1102 1021 ἐπιγεγραμμένα
1119 927 1349 1000 Ἀπολίιιινίου
1374 955 1418 1002 sc.

231 1043 452 1134 ὑπομνήματα
475 1046 587 1132 (schol.
609 1047 689 1113 Avn.
714 1047 812 1131 1242)
845 1047 988 1129 exemplo
1010 1065 1079 1112 esse
1101 1052 1235 1129 possunt
1257 1047 1290 1112 id
1312 1065 1419 1130 genus

231 1160 449 1226 saluberrimo.
487 1159 569 1224 Mihi
584 1157 667 1222 enim
683 1175 836 1240 perquam
853 1159 956 1223 simile
970 1159 1038 1224 veri
1054 1159 1191 1238 videtur,
1214 1157 1299 1224 hunc
1314 1157 1418 1240 Apol·

231 1271 367 1350 lonium,
398 1289 458 1334 non
481 1269 658 1346 Rhodium,
681 1268 738 1333 sed
759 1268 888 1336 aliunde
910 1270 1053 1352 ignotum
1076 1269 1252 1350 homiuem,
1275 1287 1375 1334 unum
1400 1290 1418 1335 e

231 1379 445 1463 quadraginta
460 1381 640 1446 Aristarchi
663 1378 830 1461 discipulis
852 1379 961 1462 fuisse,
985 1383 1075 1447 cuius
1100 1380 1335 1462 qualescunque
1359 1380 1418 1445 ob·
1472 1405 1473 1466 q

230 1495 428 1560 servationes
451 1492 482 1556 in
505 1492 750 1573 hypomnemate
772 1489 878 1574 aliquo
907 1491 1010 1558 literis
1032 1493 1275 1574 mandaret¹).“
1317 1511 1418 1574 quum

229 1603 262 1668 in
285 1621 351 1669 rem
383 1603 423 1668 ab
454 1601 510 1668 illo
530 1603 732 1669 observatam
763 1619 845 1668 nune
867 1603 974 1684 paullo
997 1605 1179 1670 accuratius
1209 1602 1288 1669 mihi
1316 1603 1419 1671 liceat

230 1713 400 1796 inquirere.
1472 1693 1473 1712 ¹

315 1832 413 1906 atque
434 1831 471 1890 ut
500 1823 540 1892 ab
575 1827 685 1892 eodem
709 1825 807 1890 schol.
831 1823 904 1910 (An.
931 1824 1028 1908 1242)
1051 1843 1114 1906 quo
1135 1825 1189 1892 ille
1211 1845 1239 1891 v.
1263 1826 1294 1890 d.
1317 1825 1415 1892 nixus

230 1957 287 2003 suo
310 1938 378 2004 iure
400 1935 434 2002 id
456 1935 628 2014 contendit,
649 1936 822 2018 ordiamur,
845 1937 943 2003 verba
957 1955 1039 2020 quae
1061 1937 1106 2004 ibi
1128 1935 1323 2004 antecedunt
1344 1939 1417 2004 ani·

228 2047 459 2114 madverteuda
473 2051 566 2127 sunt;
589 2047 741 2127 leguntur
763 2048 846 2112 enim
862 2047 959 2115 haec:
981 2043 1016 2112 ἐν
1038 2046 1075 2113 δὲ
1097 2043 1197 2126 ἐνίοις
1217 2051 1282 2112 τῶν
1304 2048 1416 2128 σχολι·

227 2159 297 2224 κῶν
317 2152 561 2243 ὑπομνημάτων
591 2154 684 2222 ταυτί
711 2155 893 2243 γέγραπται
913 2195 964 2239 -,
988 2164 1026 2224 ut
1055 2166 1211 2242 appareat
1232 2161 1291 2225 hos
1313 2161 1416 2242 Apol·

227 2271 305 2337 lonii
327 2268 572 2338 commentarios
593 2263 693 2346 ἐνίοις
722 2269 786 2334 illis
808 2271 926 2352 opponi
948 2287 1064 2351 eosque
1087 2277 1121 2336 et
1141 2272 1229 2353 ipsos
1250 2268 1414 2350 σχολικῶν

227 2376 473 2469 ὑπομνημάτων
493 2379 621 2446 notione
650 2381 885 2462 comprehendi.
929 2381 1117 2464 Apollonius
1146 2401 1222 2465 ergo
1244 2383 1328 2448 sicut
1351 2383 1413 2448 alii

227 2495 401 2560 secundum
424 2511 480 2576 ea,
503 2509 584 2574 quae
607 2511 645 2558 ex
667 2493 847 2558 Aristarchi
869 2493 1016 2575 magistri
1038 2512 1093 2560 ore
1114 2495 1256 2576 pendeus
1278 2493 1416 2559 nuribus
1472 2521 1473 2576 q

112 2675 116 2682 ,
225 2611 430 2689 perceperat,
464 2605 515 2671 nel
546 2604 579 2669 in
609 2620 701 2669 suum
734 2601 784 2668 nel
815 2603 957 2686 plurium
988 2604 1020 2670 in
1051 2623 1144 2672 usum
1167 2605 1416 2672 commentarios

226 2715 422 2782 condiderat.
468 2714 512 2800 (v.
535 2715 646 2782 Lchrs.
680 2715 735 2780 Ar.
760 2716 799 2780 19
820 2733 890 2799 sqq.
912 2717 956 2781 M.
979 2715 1136 2782 Schmidt.
1161 2715 1233 2780 Did.
1256 2715 1344 2796 283).
1369 2753 1415 2764 -

226 2831 261 2891 at
282 2827 310 2891 is
340 2844 400 2891 nou
431 2845 513 2892 unus
547 2831 597 2892 cst
629 2826 733 2904 locus,
764 2827 849 2892 unde
871 2826 1076 2908 Apollonium
1108 2827 1205 2892 istum
1228 2826 1415 2892 Aristarchi
1472 2843 1473 2918 l

225 2935 323 3002 fuisse
354 2937 546 3019 discipulum
580 2936 787 3017 coniciamus,
818 2955 927 3004 verum
949 2938 1089 3004 nonnulli
1112 2943 1188 3002 sunt
1209 2927 1250 2983 -’
1274 2953 1414 3019 quorum

223 3047 392 3129 plerosque
414 3049 459 3113 M.
481 3047 677 3115 Schmidtius
707 3055 876 3114 enumerat
897 3085 948 3130 —-,
971 3055 1004 3116 et
1031 3050 1066 3115 hi
1095 3050 1223 3132 quidem
1246 3065 1354 3113 omues
1377 3049 1412 3113 iu

223 3159 333 3224 scholl.
355 3159 517 3226 Ranarum
552 3161 729 3240 exstantes,
760 3159 875 3241 quibus
906 3162 992 3228 idem
1026 3159 1181 3240 efficitur3
1210 3159 1267 3225 alii
1299 3163 1413 3225 autem
1472 3147 1473 3238 l

223 3274 311 3350 sunt,
344 3269 399 3336 ubi
421 3271 561 3336 eiusdem
583 3267 653 3336 fieri
676 3271 866 3338 mentionem
889 3273 1092 3356 grammatici
1114 3272 1184 3341 veri
1213 3273 1263 3336 est
1284 3269 1413 3336 similli-

223 3399 319 3447 mum.
342 3419 385 3429 -
407 3399 444 3448 ac
466 3382 604 3466 primum
627 3401 801 3466 proponam
824 3373 919 3450 schol.
943 3385 1023 3450 Rau.
1046 3382 1107 3450 357
1131 3377 1210 3471 μίμε
1232 3377 1410 3469 Κρατίνου]

222 3490 308 3579 πρὸς
337 3491 413 3574 τούς
444 3492 522 3582 πυρί
548 3487 765 3581 Ἀρίσταρχον
796 3488 980 3577 οἰομένους,
1012 3488 1068 3560 ὅτι
1093 3496 1212 3580 ταῦρος
1233 3484 1270 3582 ἦν
1292 3485 1411 3571 αὐτοῖς
1472 3503 1473 3534 r

236 3617 433 3627 -.--—.--..*-.

314 3671 345 3750 1)
368 3672 404 3730 de
426 3670 474 3730 his
495 3690 524 3730 n.
547 3671 657 3730 Meurs.
681 3669 753 3728 bibl.
778 3672 840 3729 Art.
862 3670 896 3729 in
918 3669 1050 3732 Gronov.
1073 3669 1159 3728 lhos.
1181 3673 1203 3728 t.
1225 3667 1257 3728 X
1278 3688 1306 3746 p.
1327 3671 1410 3726 1234

223 3793 287 3854 sqq.
339 3771 424 3837 Voss.
453 3772 524 3832 hist.
562 3793 605 3847 gr.
640 3777 663 3846 l,
696 3775 744 3832 23.
796 3773 878 3833 Jons.
915 3773 1028 3852 scriptt.
1065 3772 1135 3832 hist.
1172 3771 1279 3849 philos.
1313 3775 1343 3844 3,
1379 3771 1409 3831 7.

223 3876 339 3937 Fabric.
360 3873 414 3950 IV,
439 3875 617 3935 272-279.

309 3979 341 4058 2)
363 3981 422 4040 hoo
449 3999 510 4038 non
539 3983 735 4058 perspexerat
765 3981 800 4042 Ο.
823 3979 999 4053 Schneider,
1029 3979 1061 4039 in
1092 3977 1212 4053 egregio
1234 3975 1337 4036 libello
1360 3977 1408 4035 De
1472 3989 1473 4066 q

222 4086 294 4142 vett.
317 4082 349 4141 in
371 4082 462 4142 Arist.
494 4081 597 4142 scholl.
620 4085 709 4142 fonti.
731 4101 759 4160 p.
785 4087 833 4156 89,
856 4101 912 4142 neo
931 4087 1032 4142 tamen
1054 4083 1127 4140 adeo
1149 4086 1183 4140 ut
1205 4098 1266 4138 non
1288 4077 1408 4139 videret

221 4190 344 4262 propter
373 4185 475 4246 scholl.
506 4185 582 4245 Rau.
600 4217 601 4222 .
617 4184 707 4245 1437.
740 4189 830 4245 1124.
862 4185 942 4244 1270
973 4205 1034 4244 non
1062 4203 1150 4262 posse
1177 4185 1213 4242 de
1241 4179 1405 4258 Apollonio
1472 4195 1473 4256 l

222 4285 341 4346 Rhodio
365 4287 505 4362 cogitari,
533 4306 600 4346 eum
629 4292 728 4347 tamen
759 4287 921 4362 significari
954 4287 1046 4348 schol.
1070 4292 1128 4348 Ar.
1154 4289 1235 4344 1242
1258 4283 1404 4356 coneedit,
1472 4297 1473 4356 l

222 4388 310 4450 male.
354 4396 486 4450 ceterum
502 4391 538 4448 de
560 4391 625 4462 hoo,
650 4391 685 4447 de
709 4407 766 4467 quo
783 4389 890 4464 agitur,
916 4389 1075 4468 Apollonio
1098 4389 1172 4450 corti
1189 4387 1266 4447 nihil
1288 4386 1403 4446 statuit.
