2962 4812
692 202 993 292 ..64-χ

209 376 295 438 recle
310 372 411 438 noluit
425 366 552 436 Πελίαο
568 365 669 457 φόνον
684 368 851 448 συνθέτως
867 364 1105 455 ἀναγινώσκειν.
1120 371 1160 439 cf.
1176 373 1219 438 M.
1232 373 1397 439 Schmidt.

208 483 283 549 Did.
306 484 378 550 226.
401 502 430 550 v.
453 483 517 550 459
547 476 589 546 ἀν
620 504 702 547 ποτε
732 478 928 548 Καλλίσταν
948 474 1129 568 ἀπῴκησαν
1149 479 1254 570 χρόνῳ
1277 484 1397 568 νᾶσον]

207 596 330 679 Χαῖρις
345 588 497 677 βούλεται
511 587 647 680 γράφειν
668 587 703 658 έν
725 615 807 658 ποτε
829 585 903 657 ἀντὶ
924 593 982 658 τοῦ
1004 587 1082 672 ἀνι)
1113 615 1203 675 ποτε,
1227 591 1311 659 κατὰ
1334 591 1397 682 τὴν

206 699 377 792 Πινδάρου
400 700 575 792 συνήθειαν
597 741 639 750 -
670 723 766 788 quam
789 705 956 771 Ohaenidis
979 706 1231 771 emendationem
1253 703 1288 771 ἐν
1317 709 1396 786 (pro

206 813 254 900 ἐς)
279 821 468 898 receperunt
490 815 705 882 Mommsenus
727 822 760 882 et
781 816 948 897 Bergkius.
993 835 1089 899 porro
1112 835 1140 881 v.
1167 817 1228 884 195
1250 818 1396 898 scriptu-

206 947 276 994 ram
308 926 474 1010 proposuit
504 945 524 991 a
553 945 633 993 neoc
665 933 826 1008 receptam
857 921 1094 1015 ἁμετέρων-
1128 919 1300 1012 ἀρχεδικᾶν
1329 946 1394 1010 pro

206 1034 368 1124 ἁμετέραν
390 1030 571 1123 ἀρχεδίκαν.
610 1038 744 1120 denique
773 1059 803 1104 v.
826 1039 887 1106 259
911 1041 1041 1124 Μοῖραι
1064 1031 1096 1104 δ’
1130 1031 1325 1124 ἀφίσταντ’,
1357 1032 1398 1102 e'e'

207 1172 259 1226 τις
281 1143 386 1236 ἔχθρα
409 1145 503 1214 πέλει
525 1148 582 1234 (-
604 1172 624 1234 η
646 1149 777 1232 Bergk.)
800 1149 912 1216 schol:
943 1144 961 1213 ὁ
984 1149 1021 1214 δὲ
1043 1152 1166 1233 Χαῖρις
1193 1147 1393 1236 προςτιθείς

208 1259 246 1327 τὸ
268 1266 281 1325 l
302 1256 420 1349 γράφει
441 1253 653 1347 ἀφίσταιντο,
683 1251 729 1324 ἵν’
762 1250 783 1349 ᾖ
811 1252 956 1337 εὖκτικὸς
986 1255 1004 1326 ὁ
1032 1256 1129 1346 λόγος
1159 1252 1391 1347 ’ἀφίσταιντο

205 1367 240 1438 αῖ
271 1375 419 1458 Μοῖραι,
450 1367 480 1438 εὶ
508 1369 622 1457 μέλλοι
637 1371 669 1456 ⁹)
700 1369 735 1437 ἐν
756 1375 802 1458 τῷ
824 1369 904 1457 γένει
927 1367 1017 1459 ἡμῶν
1039 1369 1185 1458 διαφορὰ
1213 1368 1392 1455 γενέσθαι.

207 1480 286 1562 ὥςτε
309 1481 394 1571 πρὸς
415 1474 584 1548 ἀναίδειαν
605 1482 778 1571 τραπῆναι.
819 1481 876 1548 καὶ
906 1475 963 1548 οὐκ
994 1475 1172 1560 ἀπιθάνως
1201 1477 1220 1547 δ
1251 1483 1389 1568 Χαῖρις.

205 1599 237 1662 in
261 1615 323 1679 quo
346 1615 437 1662 nemo
460 1596 544 1678 quod
567 1596 632 1663 scio
654 1614 726 1662 eum
749 1602 878 1662 secutus
901 1602 960 1662 est.

290 1712 415 1773 restant
437 1707 466 1773 ei
488 1705 558 1787 loci,
580 1707 635 1773 ubi
657 1708 689 1772 in
712 1711 826 1789 poetae
847 1706 1015 1773 verborum
1038 1723 1163 1771 sensnm
1180 1704 1314 1771 Ohaeris
1336 1704 1387 1770 iu·

207 1819 324 1902 quirit.
337 1818 434 1883 schol.
456 1817 552 1902 Pyth.
567 1819 622 1899 IV,
639 1818 678 1882 18
701 1810 870 1882 ἀθανυίτου
892 1812 1070 1901 στόματος]
1090 1808 1258 1881 ἀθάνατον
1276 1811 1389 1900 στόμα

206 1927 244 1992 τό
266 1924 419 2015 Μηδείας
440 1919 543 2010 εἶπεν,
567 1925 611 2007 ὡς
626 1926 687 2014 μέν
700 1931 832 2015 Χαῖρις,
856 1925 893 1992 ἐκ
906 1925 1024 2016 μέρους
1036 1925 1093 2017 τὴν
1109 1919 1285 2008 ἀθάνατον,
1309 1923 1390 1991 ἐπεὶ

204 2037 261 2106 καὶ
286 2033 440 2118 Ἡσίοδος
469 2037 504 2105 έν
534 2043 573 2129 τῇ
606 2035 763 2126 Θεογονίᾳ
795 2041 860 2122 (vv.
883 2039 1068 2124 956-962)
1099 2031 1269 2104 ἀθάνατον
1290 2030 1390 2125 αὐτόν

204 2169 321 2239 φησιν·
345 2146 447 2230 ὡςδὲ
472 2143 728 2236 Ἀσκληπιάδης,
752 2144 803 2215 ὅτι
826 2143 920 2216 οὐδέν
940 2152 1004 2215 τῶν
1023 2147 1189 2237 ῥηθέντων
1203 2141 1265 2214 ἀπ’
1290 2140 1390 2236 αὐτῆς

206 2256 318 2341 ἀτελὲς
344 2260 470 2348 γέγονεν
501 2255 575 2328 οὐδὲ
604 2257 754 2349 ἐφθάρη.
783 2263 824 2328 ad
854 2280 948 2346 quam
976 2261 1175 2344 Asclepiadis
1205 2261 1385 2343 opinionem

206 2375 370 2442 inelinavit
391 2373 569 2456 Boekhius,
600 2392 671 2440 omn
693 2373 925 2456 interpretatus
951 2373 995 2439 sit
1017 2373 1065 2440 ‘ob
1089 2372 1289 2438 divinitatem
1311 2369 1388 2436 fati-

205 2487 338 2564 dimm’,
369 2487 533 2552 Choeridis
554 2484 643 2550 illem
665 2484 866 2568 Hortungius
888 2484 1052 2567 amplexus
1074 2487 1140 2550 est.
1173 2502 1201 2548 v.
1234 2481 1296 2548 156
1324 2473 1386 2545 ἀλ-

205 2596 270 2675 λως
291 2635 334 2644 —-
355 2597 519 2683 μέμφεται
540 2593 577 2662 δέ
599 2599 722 2681 Χαῖρις
744 2592 802 2661 ἐπὶ
831 2596 870 2683 τῇ
898 2589 1089 2682 παραλήψει
1111 2593 1178 2658 τῶν
1199 2585 1388 2657 Ἀλωαδῶν

207 2710 277 2792 (Oti
300 2715 333 2774 et
354 2707 538 2791 Ephialtae)
560 2727 568 2743 ·
591 2700 684 2795 ἀρκεῖ
706 2706 767 2792 γάρ
790 2700 1003 2773 δ’Λπόλλων
1024 2703 1080 2772 καὶ
1103 2699 1121 2770 ὃ
1145 2697 1261 2792 ''Mii-
1288 2706 1389 2780 θεοῖς

205 2818 265 2906 μέν
285 2816 347 2907 γὰρ
369 2814 541 2904 εἰκάζομέν
562 2841 667 2898 τινας,
692 2811 885 2906 ἀνθρώποις
906 2815 943 2882 δέ
963 2813 1143 2904 ὓπερφυίοι
1165 2813 1222 2881 καὶ
1243 2809 1388 2902 τερατώπ

205 2931 294 2996 δεσιν
315 2923 433 2996 οάκὲτι.
471 2929 531 2996 hoc
552 2929 653 3012 igitur
674 2929 805 2996 offendit
827 2928 1034 3009 Chaeridem,
1066 2930 1150 3012 quod
1180 2932 1276 3010 poeta
1297 2933 1388 3009 post·

205 3063 300 3128 quern
322 3061 393 3108 cum
416 3042 478 3108 diis
493 3043 692 3124 comparavit
705 3042 860 3124 Iasonem,
883 3041 979 3106 etiam
997 3059 1067 3106 curn
1083 3039 1262 3105 hominibus
1276 3055 1389 3120 quam·

204 3155 253 3221 vis
275 3153 452 3238 insignibus
467 3152 707 3236 comparaverit.
744 3159 884 3220 cetarum
900 3157 1042 3218 nostrum
1057 3149 1175 3217 refellit
1189 3149 1388 3228 Boeckhius:

204 3273 371 3349 „neutrum
394 3266 451 3350 [sc.
475 3283 578 3349 neque
599 3264 779 3347 Apollinem
802 3283 903 3346 neque
919 3261 1069 3346 Martem]
1093 3267 1294 3328 tamencum
1316 3278 1389 3326 esse

204 3397 299 3460 posse
320 3377 524 3460 perspiciant,
548 3378 613 3443 iam
633 3377 673 3443 de
689 3375 838 3443 heroibus
853 3377 995 3460 cogitant
1017 3379 1144 3443 statura
1166 3381 1198 3441 et
1219 3373 1389 3442 ferocitate

205 3488 391 3570 insignibus,
413 3493 566 3572 exparte
588 3489 685 3554 etiam
709 3486 948 3571 pulchritudine
970 3524 1012 3534 -
1034 3485 1106 3554 illos
1128 3485 1228 3569 igitur
1251 3503 1307 3552 cur
1329 3505 1388 3552 no-

203 3599 388 3684 minaverit,
417 3601 497 3666 satis
519 3604 624 3682 patet;
655 3599 771 3680 quibus
793 3618 864 3666 oum
886 3599 1001 3683 Tityus
1029 3598 1221 3681 proceritate
1243 3599 1388 3680 corporis

203 3851 297 3912 uidem
319 3851 425 3928 legisse
442 3895 447 3908 .
464 3851 515 3909 sed
538 3869 608 3910 sane
631 3841 797 3930 ἀγκομίζων
818 3849 915 3926 potnit
936 3870 990 3928 pro
1005 3867 1100 3928 praes.
1123 3851 1218 3910 conat.
1240 3847 1387 3925 accipere.

204 3987 246 3999 ——
268 3948 394 4033 ἀρχαίαν
414 3953 557 4015 volebant
583 3953 661 4012 idern
690 3953 790 4015 valere
813 3954 892 4032 quod
914 3944 1008 4032 ἀρχήν
1022 3971 1036 4012 ·.
1061 3953 1098 4012 cf.
1120 3951 1251 4010 Lobeoln.
1285 3951 1385 4013 Paral.

203 4075 233 4134 p.
257 4062 327 4116 298.

288 4156 322 4239 l)
343 4159 423 4241 quod
446 4157 548 4238 quaeri
570 4163 669 4234 potest
691 4149 728 4214 ἀν
750 4159 790 4218 sit
811 4177 849 4218 an
873 4149 909 4215 ἀν
931 4157 988 4237 [ita
1009 4158 1067 4239 G.].

291 4265 323 4339 2)
345 4262 423 4321 unde
438 4258 634 4337 probabiliter
649 4260 757 4334 Bergk.
780 4259 901 4335 collegit
922 4259 1010 4320 etiarn
1033 4255 1117 4319 π’ίλοι
1131 4261 1265 4319 nostrum
1286 4257 1387 4334 legere

204 4363 341 4428 voluisse.
