2962 4812
534 209 746 277 „27-

59 379 108 448 aui
130 380 161 450 oi
186 377 353 450 ἆττάὗτοῦ.
386 382 595 468 Πτολεμαῖος
616 378 654 447 δὲ
675 376 948 466 συγκατατίθεται
969 377 1029 465 μὲν
1046 374 1112 444 aci.
1143 380 1231 462 (pro-

58 495 103 559 cul
133 495 233 562 dubio
264 494 473 577 Ascalonita).
525 495 608 561 idem
639 493 681 560 ad
710 498 730 558 Ι
755 492 790 558 6;
823 486 941 568 Νικίας
968 488 1025 557 καὶ
1051 486 1231 576 Πάμφιλος

59 600 226 672 δασύνουσι
241 603 279 671 τὸ
295 605 414 691 αμυδις
428 643 478 687 -‚
503 599 573 671 ὅδὲ
583 597 827 690 Ἀσκαλωνίτης
845 600 902 668 καὶ
918 599 948 669 oi
963 599 1040 689 περὶ
1050 594 1231 682 Ἀλιξίωνα

58 717 224 798 dalocum
256 714 341 782 πολι)
375 715 412 782 δὲ
441 713 601 805 πρότερον
622 715 679 782 καὶ
700 711 731 782 οὶ
753 711 831 803 περὶ
853 707 1068 802 Ἀρίσταρχον
1089 707 1170 793 κτὲ.;
1193 731 1231 777 ac

56 827 198 895 similiter
228 830 270 895 ad
301 835 341 895 A
371 830 433 896 636
464 823 576 912 cilios]
609 823 627 892 ὁ
665 820 910 912 Ἀσκαλωνίτης
948 825 1047 912 ψιλοῖ
1075 861 1116 873 -—
1147 820 1232 890 πολὺ

58 935 212 1028 πρότερον
242 938 279 1006 δὲ
309 934 411 1018 οὕτως
441 938 498 1006 καὶ
523 933 746 1028 Ἀρίσταρχος.
762 937 792 1024 ¹)
821 975 863 986 -
893 937 972 1004 haec
998 937 1026 1002 si
1060 937 1131 1018 quis
1160 955 1232 1018 per·-

58 1053 216 1133 pcnderit‚
250 1051 385 1120 fortasse
419 1054 460 1119 ad
500 1051 593 1118 nihili
623 1052 799 1134 putandum
831 1042 982 1133 Stephani
1016 1047 1231 1115 testimonium

58 1179 91 1226 ac
112 1163 212 1229 multo
240 1165 448 1248 posteriorem
472 1164 658 1230 Aristarcho
688 1164 869 1228 ducendum
892 1159 1107 1227 Ascalonitam
1140 1159 1231 1225 incli-

61 1273 155 1339 nabit.
198 1276 249 1342 cui
279 1277 425 1360 equidem
447 1295 508 1341 uon
540 1275 649 1341 statim
673 1275 879 1340 adsenserim.
923 1291 994 1337 nam
1019 1271 1102 1352 quod
1124 1271 1230 1338 Ptole·

61 1403 163 1452 maeus
179 1387 308 1470 scripsit
322 1384 400 1474 περὶ
421 1391 477 1474 τῆς
499 1384 533 1452 ἑν
546 1379 719 1474 Ὀδυσσείᾳ
737 1377 952 1472 Ἀριστάρχου
966 1377 1177 1471 διορθώσεως
1188 1381 1228 1467 ²),

60 1499 138 1576 quod
159 1498 275 1564 librum
299 1495 377 1582 περὶ
399 1499 456 1587 τῆς
478 1493 680 1583 Κρατηιείου
702 1493 858 1584 αἱρέσεως
880 1498 1079 1580 composuit.
1095 1496 1230 1578 denique

61 1611 140 1688 quod
172 1610 341 1694 aliquoties
371 1610 648 1678 Aristarchearum
678 1610 847 1676 lectionum
880 1611 972 1677 testis
1001 1607 1145 1675 adfertur
1174 1610 1230 1692 (ad

61 1723 89 1782 Β
103 1721 170 1788 622.
186 1730 222 1788 N
231 1721 296 1788 246
308 1726 355 1804 8);
377 1724 454 1790 item
469 1722 698 1790 observationis
713 1721 953 1789 Aristarcheae:
976 1721 1072 1789 schol.
1083 1723 1124 1785 A
1138 1721 1229 1804 396):

61 1830 88 1894 in
116 1832 165 1899 his
194 1835 275 1900 satis
297 1853 368 1901 cum
391 1835 552 1901 Beccardo
582 1834 728 1900 existimo
753 1851 821 1899 esse
843 1851 992 1912 caussae,
1022 1851 1078 1898 cur
1098 1853 1118 1898 a
1140 1833 1230 1899 testi-

63 1944 158 2009 monio
188 1944 243 2011 illo
272 1965 334 2011 non
365 1948 550 2012 recedamus
580 1965 617 2012 ac
639 1946 747 2030 potius
776 1943 907 2010 minoris
937 1943 1056 2011 scholia
1078 1962 1159 2026 quae
1181 1948 1229 2008 at-

63 2052 116 2118 tuli
136 2054 306 2134 faciamus,
337 2056 448 2121 leviori
470 2056 605 2123 fortasse
628 2055 817 2123 scholiastae
837 2056 995 2122 scribendi
1023 2054 1139 2121 rationi
1171 2053 1229 2119 im·
1293 2045 1296 2052 ’

61 2167 204 2243 putanda.
242 2185 434 2250 quamquam
458 2188 496 2234 ne
519 2169 564 2234 sic
586 2186 710 2250 qnoque
733 2187 856 2234 omnem
877 2166 956 2232 mihi
978 2167 1137 2234 sublatam
1160 2184 1229 2233 esse

63 2275 254 2343 offensionem
284 2278 418 2362 ingenue
445 2279 558 2346 fateor.
602 2283 659 2346 sed
689 2280 722 2344 iu
752 2280 817 2346 ista
846 2283 932 2346 certe
954 2279 1112 2345 locutione
1133 2295 1228 2360 quam

63 2386 209 2472 adscripsi
231 2409 249 2456 e
271 2389 368 2456 schol.
393 2395 431 2455 A
446 2390 510 2457 396
533 2409 593 2456 non
617 2391 697 2455 adeo
709 2389 888 2473 putaverim
911 2391 1114 2456 haerendum.
1159 2408 1230 2456 cum

63 2497 137 2562 enim
159 2499 374 2567 Ptolemaeum
398 2521 458 2568 non
481 2503 564 2568 inter
593 2503 735 2570 ‘strictae
757 2501 986 2568 observantiae'
1009 2500 1230 2567 Aristarcbeos

62 2604 150 2676 luisse
170 2593 317 2695 sciamus,
340 2615 397 2679 sed
419 2613 517 2679 etiam
532 2613 740 2696 probabiliter
762 2613 949 2695 disciplinae
964 2613 1131 2681 Orateteae
1153 2631 1229 2695 par·

63 2717 113 2782 tim
141 2723 320 2804 addictum,
354 2730 440 2792 certe
471 2725 520 2789 sui
550 2725 660 2790 iudicii
691 2743 729 2791 ac
757 2743 835 2791 suae
856 2763 899 2772 -
920 2731 958 2790 nt
985 2724 1032 2790 ita
1062 2723 1165 2790 dicam
1186 2759 1229 2770 —-

63 2828 238 2913 disciplinae
268 2835 441 2917 hominem,
472 2854 532 2901 non
563 2835 669 2902 hercle
698 2835 830 2916 mirum,
860 2836 888 2902 si
919 2835 1130 2918 posteriorum
1159 2835 1229 2918 quis

63 2945 347 3028 grammaticorum,
380 2966 494 3030 nempe
524 2948 578 3031 qui
609 2945 769 3028 exipsius
791 2965 863 3012 eum
886 2949 1014 3030 scriptis
1036 2955 1156 3024 nosset,
1187 2945 1227 3012 ab

63 3056 191 3122 strenuis
214 3057 394 3126 Aristarchi
416 3058 546 3126 asseclis
567 3057 657 3124 illum
681 3058 901 3141 distingueret.
932 3059 989 3126 sed
1011 3059 1174 3140 hucusque
1196 3059 1227 3122 in

62 3181 91 3228 rc
109 3166 238 3234 lubrica.

137 3279 176 3344 de
205 3278 379 3346 Ptolemaei
415 3279 544 3364 scriptis
573 3281 721 3364 quoniam
760 3281 840 3346 satis
871 3282 991 3349 dictum
1022 3287 1071 3347 est
1102 3301 1121 3346 a
1150 3281 1228 3348 viris

63 3383 154 3453 doctis
167 3391 209 3470 ⁴),
231 3390 377 3472 equidem
392 3409 456 3473 qua
471 3394 563 3458 decet
577 3393 734 3460 brevitate
749 3399 832 3459 utar.
866 3393 982 3460 Suidas
997 3393 1037 3459 ab
1056 3412 1091 3457 eo
1107 3393 1227 3476 scripta

61 3497 254 3512 ᾖ

139 3547 168 3622 l)
191 3546 235 3606 nil
256 3551 389 3624 praestat
411 3549 503 3609 schol.
526 3551 554 3607 Τ
573 3556 644 3625 2³4,
668 3551 719 3610 ubi
734 3551 921 3611 Ptolemaeus
942 3551 1132 3628 impugnasse
1155 3551 1226 3610 dici-

62 3649 308 3726 turApollonium
330 3643 382 3708 τόν
404 3653 458 3709 τοῦ
483 3646 618 3725 Θὲωνος;
641 3655 677 3714 de
701 3673 760 3734 quo
783 3653 921 3734 equidem
942 3652 1020 3712 nihil
1043 3659 1227 3732 compertum

61 3747 161 3826 habeo,
200 3753 439 3833 qnandoquidem
471 3754 624 3816 Thoonem
660 3757 752 3816 istum
783 3756 909 3816 eundem
945 3775 1009 3816 asse
1038 3775 1073 3816 ae
1103 3756 1225 3836 Didymi

62 3855 203 3933 aequalem
225 3855 369 3916 affirmari
390 3877 512 3935 prorsus
534 3859 648 3939 nequit.

138 3957 169 4038 2)
190 3980 218 4020 v.
251 3959 388 4020 Beccard.
419 3981 447 4039 p.
480 3960 517 4020 71
549 3982 579 4022 n.
607 3966 681 4022 104:
713 3961 839 4036 „deinde
870 3963 949 4043 quod
979 3962 1099 4042 scripsit
1126 3965 1225 4025 Ptole·

62 4076 151 4120 maeus
180 4067 283 4122 noster
315 4062 351 4122 de
374 4063 524 4142 Odysseae
552 4065 724 4126 recensione
746 4066 953 4139 Aristarchea,
986 4087 1053 4126 eum
1081 4069 1161 4128 haud
1182 4069 1226 4128 ita

62 4163 143 4223 multo
165 4168 234 4244 post
256 4165 463 4224 Aristarchum
485 4167 597 4228 vixisse
620 4168 692 4228 satis
713 4168 833 4230 videtur
853 4162 1084 4230 demonstrare.“

137 4265 167 4345 3)
190 4269 227 4328 cf.
250 4267 433 4345 Bernhardy.
456 4269 494 4328 H.
511 4271 544 4331 L.
568 4269 617 4330 Gr.
640 4271 673 4330 II
695 4291 723 4349 p.
748 4275 818 4332 112.

136 4369 167 4447 4)
188 4390 218 4430 r.
241 4369 440 4430 Graefenhan.
468 4376 491 4431 t.
513 4371 564 4432 111
593 4392 622 4450 p.
654 4372 692 4434 37
716 4393 781 4455 sqq.
813 4378 864 4436 95.
888 4379 938 4435 98.
963 4378 1033 4437 103.
1059 4380 1127 4437 106.
1153 4380 1223 4436 166.

64 4471 123 4528 332.
144 4473 283 4536 Beccard.
303 4472 324 4534 l.
346 4473 367 4534 1.
390 4473 435 4533 La
456 4475 548 4534 Boch.
570 4474 589 4538 l.
612 4476 633 4535 l.
1129 4509 1136 4521 ·
