2962 4812
559 219 771 292 ..59-

52 413 88 462 se
123 395 272 476 praebet
305 393 401 461 schol.
424 401 455 460 Z
475 395 525 475 71,
554 395 639 474 quod
669 401 701 460 ct
731 395 835 477 ipsum
858 393 954 461 schol.
979 393 1158 460 Aristarchi
1179 411 1251 460 eum

51 507 176 589 arguit
212 505 489 587 adstipulatorem.
533 525 562 572 v.
585 505 668 571 enim
700 505 753 572 ille
786 525 858 573 oum
879 505 1066 574 Aristarcho
1092 505 1253 589 legeretur

51 620 148 684 sicut
166 636 256 684 nunc
278 635 401 700 quoque
417 615 507 682 cobis
529 613 658 702 νειροδς
680 609 725 700 up
750 613 864 684 πεδίον
885 613 1038 710 συλήσετε
1056 617 1252 704 τεθνηῶτας,

4 731 5 736 ’
52 731 233 797 Zenodoto
272 728 409 795 scribere
447 727 569 811 placuit
602 721 721 813 Τρώων
758 719 921 812 ἆμπεδίον
955 725 1132 818 σολήσομεν
1162 724 1252 794 ἔντεα

55 835 213 927 νεκρούς,
237 840 354 906 offenso
376 845 414 904 ut
428 845 565 922 apparet
586 840 719 906 mutatis
741 841 883 922 personis
897 837 1071 926 κτείνωμεν
1092 878 1134 890 -
1157 835 1254 928 συλή-

55 972 150 1018 σετε.
200 950 239 1018 cf.
262 950 432 1018 Duentzer.
456 951 527 1016 Zea.
550 971 580 1033 p.
607 952 674 1018 146.
722 970 816 1034 quam
840 952 1058 1020 diversitatem
1082 971 1153 1019 cum
1176 952 1253 1018 reti-

3 1123 5 1180 l
55 1070 182 1144 neret,
217 1063 377 1145 sagaciter
409 1062 470 1128 sibi
502 1063 589 1128 visus
622 1067 671 1128 est
703 1063 936 1146 explicaret
892 1063 1123 1131 Athenocles
1115 1084 1147 1130 m
1170 1064 1254 1128 hunc

3 1183 5 1330 ή
56 1153 231 1242 modum:
250 1167 300 1238 δτι
332 1175 378 1260 τῷ
400 1171 461 1257 μὲν
481 1169 618 1260 καμάτῳ
648 1171 704 1240 καί
726 1169 839 1240 ἑαυτὸν
861 1169 879 1240 δ
902 1172 1038 1260 Νέστωρ
1061 1169 1252 1258 ὑποβάλλει,

3 1285 204 1371 λέγωνι
205 1277 397 1368 κτείνωμεδ,
422 1282 460 1350 τδ
482 1283 519 1350 δὲ
540 1282 656 1368 κέρδος
677 1279 764 1352 ἰ’διον
791 1289 936 1352 ποιεῖται
958 1288 1022 1352 τῶν
1044 1287 1254 1371 στρατιωτῶν

57 1397 97 1464 ἐν
121 1397 173 1486 τῷ
197 1387 376 1483 ’συλήσετεῖ
419 1401 452 1461 et
475 1396 526 1464 bic
548 1397 675 1479 quidem
699 1398 846 1480 argutius
868 1417 962 1480 quam
979 1397 1112 1464 rectius:
1135 1396 1253 1480 quippe

61 1511 154 1576 tales
181 1525 292 1574 sensus
326 1506 365 1574 ab
397 1505 527 1572 heroum
558 1507 682 1575 illorum
712 1509 818 1574 asneis
851 1510 1034 1592 pectoribus
1057 1509 1138 1576 sctis
1159 1508 1255 1574 alieni

59 1628 174 1687 erant.
219 1625 329 1688 contra
351 1639 427 1686 sone
449 1638 486 1685 ac
508 1619 611 1685 sobrie
634 1617 773 1698 Chaeris
795 1619 884 1686 cuius
905 1622 989 1688 banc
1009 1621 1160 1703 apposuit
1181 1637 1253 1684 sen-

60 1733 206 1798 tentiam
230 1731 403 1816 Didymus:
434 1725 452 1796 ὁ
474 1732 597 1816 Χαῖρις
622 1725 796 1816 Ὁμηρικὸν
825 1721 912 1798 εἷναί
940 1752 1021 1818 φησι
1042 1728 1099 1795 τὸν
1120 1733 1177 1818 τῆς
1199 1725 1253 1815 ἑρ-

60 1837 207 1927 μηνείας
235 1845 438 1928 χαρακτῆρα,
469 1835 513 1918 ὡς
534 1837 569 1906 ἐν
590 1836 715 1918 τούτοις
743 1837 843 1908 (ἄλλοι
869 1840 1011 1926 μὲνγὰρ
1035 1838 1155 1919 πάντες
1177 1835 1251 1907 ὅσοι

61 1951 148 2020 θεοί
179 1945 237 2019 eic‘
268 1949 303 2020 ἐν
328 1947 493 2037 Ὀλύμπῳ
527 1947 586 2018 Σοί
614 1943 640 2018 τ’
673 1947 926 2034 ἐπιπείθονται,
956 1951 1011 2020 καί
1041 1947 1255 2040 δεδμήμεσθα

62 2057 217 2141 ἕκαστος’
241 2064 285 2148 (Ε
303 2065 376 2132 877.
399 2064 444 2146 8),
472 2059 538 2129 ἔδει
562 2061 623 2150 γδρ
646 2061 821 2149 δίδμηνται
842 2059 887 2140 ιδς
909 2061 1103 2145 πείθονται,
1130 2058 1151 2152 'ri
1174 2057 1254 2129 ἀνοί-
1350 2120 1356 2126 .

63 2176 184 2241 παλιν.
228 2173 284 2240 καί
312 2169 415 2240 πάλιν
444 2167 522 2239 (ἀλλ’
555 2167 654 2258 ἄγεθ’
682 2169 728 2252 ὡς
758 2168 798 2240 δν
827 2173 890 2260 δγιδ
916 2170 1017 2257 ε’ίπω,
1049 2171 1254 2260 πειθώμεθα

66 2281 211 2366 πάντες,
246 2289 313 2352 Νῦν
345 2283 405 2370 μὲν
427 2284 553 2373 δόρπον
576 2281 693 2350 ἕλεσθε
720 2285 804 2352 κατὰ
827 2280 980 2373 στρατόν
997 2291 1026 2370 ¹·)
1050 2287 1095 2372 (Σ
1113 2288 1185 2352 297.
1209 2287 1254 2368 8).

67 2395 128 2462 καί
161 2389 316 2477 ἀλλαχοῦ·
349 2389 424 2462 οὐδὲ
454 2395 515 2483 γὰρ
546 2392 653 2474 δίλλυις
683 2389 824 2481 ἀκμάζει
854 2392 872 2464 ὁ
903 2395 1054 2483 Νέστωρ,
1087 2389 1157 2463 ἀλλ’
1186 2391 1252 2463 δπδ

65 2504 176 2597 γήρως
197 2503 302 2574 ἔοικεν
317 2501 536 2595 ἄπειρηιέναι.

158 2639 216 2686 nec
237 2638 312 2686 vero
334 2620 439 2687 ubivis
459 2619 648 2686 Aristarcho
663 2620 817 2703 magistro
840 2639 1025 2689 consensum
1041 2627 1148 2688 noster
1163 2640 1255 2702 prae-

66 2732 152 2810 buit,
174 2715 230 2796 sed
245 2731 405 2812 cariloci,
427 2731 482 2797 ubi
497 2731 696 2797 recedentem
712 2732 753 2800 ab
769 2731 854 2798 illius
870 2732 986 2799 iudicio
1001 2730 1196 2799 offendimus.
1220 2735 1256 2796 ut

68 2842 170 2910 schol.
187 2842 315 2926 Didymi
332 2846 363 2907 B
385 2844 448 2910 865
467 2837 585 2928 Γυγαίη
606 2839 679 2908 τέκε
702 2837 810 2927 λίμνη]
830 2838 904 2908 dccv
925 2843 982 2908 τοῦ
1004 2844 1027 2924 ῖ,
1053 2838 1170 2928 Γυγαίη
1184 2838 1256 2908 τέκε

70 2951 186 3039 λίμνη,
209 2948 227 3040 h
248 2946 566 3039 carci'Aploccpxov
587 2942 653 3032 εἶχε
674 2947 866 3038 διόρθωσις.
909 2949 941 3018 oi
970 2953 1008 3019 δὲ
1039 2952 1117 3038 περὶ
1131 2955 1256 3041 Χαῖριν

70 3063 128 3130 καὶ
152 3059 322 3148 Διόδωρον
352 3059 410 3129 καί
438 3085 523 3140 τινος
550 3063 614 3128 τῶν
644 3056 730 3128 καθ’
755 3058 882 3151 ἡμᾶς’)
914 3063 1134 3152 προςτιθέασι
1162 3064 1200 3131 τδ
1230 3067 1254 3148 ῖ,

1 3343 2 3364 ¹
161 3277 191 3356 1)
215 3293 341 3356 quorum
363 3272 488 3332 duorum
511 3290 651 3332 versuum
674 3291 729 3330 nec
760 3271 891 3348 cingulos
915 3273 1009 3348 signio
1031 3274 1183 3334 secludere
1206 3274 1256 3332 de-

73 3381 141 3441 buit
170 3379 203 3438 in
226 3377 330 3440 scholl.
353 3376 398 3436 ed.
421 3373 603 3452 Dindorliuc‚
635 3393 692 3434 nec
714 3376 756 3434 u.
778 3375 921 3450 Schmidt,
944 3377 1013 3438 Did.
1036 3397 1064 3455 p.
1090 3380 1159 3450 114,
1182 3377 1256 3438 clte-

71 3504 140 3544 rum
161 3503 190 3544 v.
215 3482 240 3540 Β
259 3486 327 3554 139,
349 3479 475 3539 alterum
498 3478 527 3534 Σ
548 3483 608 3536 298
626 3483 744 3548 notare;
767 3497 801 3536 eo
818 3479 896 3538 enim
919 3479 998 3560 quod
1020 3479 1107 3539 dccet
1121 3480 1254 3554 Chaeris,

73 3587 153 3646 aiter
184 3588 264 3644 certe
286 3583 330 3642 ita
351 3587 468 3642 tantum
489 3579 579 3655 valet,
603 3581 627 3639 si
652 3582 844 3641 cohaerentes
866 3582 912 3642 illi
934 3603 998 3656 va,
1021 3587 1055 3641 ut
1077 3581 1254 3657 significavi,

74 3691 104 3748 Σ
126 3688 197 3746 297.
223 3692 240 3745 8
264 3684 544 3760 subintellegcntur.
588 3689 622 3744 ut
643 3688 674 3743 ct
695 3704 835 3760 perverse
850 3685 999 3762 proditam
1020 3703 1085 3745 erce
1100 3684 1255 3745 (lhaeridic

73 3796 178 3870 putem
202 3789 381 3849 sententiam
403 3785 495 3848 schol.
518 3786 551 3846 Β.

165 3891 197 3971 2)
220 3889 291 3967 „ubi
314 3889 398 3952 vides
420 3894 555 3950 nostrum
578 3889 615 3948 de
643 3909 713 3950 suae
736 3890 843 3951 aetatis
866 3889 984 3951 criticis
1005 3890 1116 3970 loqui“,
1139 3889 1255 3952 Villois.

74 3997 156 4057 Prol.
179 3995 216 4056 11.
240 3993 360 4055 XXIX.
405 3993 456 4052 sed
478 3992 560 4052 itanc
585 3995 675 4054 rerba
696 3993 792 4072 accipi
815 3995 939 4066 debent,
962 4000 997 4053 ut
1019 3987 1095 4061 τινές
1115 3993 1194 4052 idem
1217 3992 1257 4052 sit

76 4099 154 4181 quod
183 4090 259 4166 τινὲς
287 4088 389 4154 duca?
412 4129 453 4139 -
475 4095 599 4155 Diodori
632 4093 892 4174 (Aristophameii)
926 4097 999 4156 adeo
1029 4094 1167 4157 vaccillet
1195 4115 1256 4154 me-

75 4201 187 4262 moria:
215 4220 243 4260 r.
274 4199 386 4259 Nauck.
418 4199 572 4276 Aristoph.
605 4219 633 4276 p.
658 4201 675 4258 ’ί
699 4221 728 4258 n.
756 4204 803 4257 10.
847 4201 882 4258 R.
905 4197 1046 4259 Schmidt.
1075 4197 1204 4259 collisos.
1226 4218 1254 4276 p.

76 4311 106 4366 4.
128 4340 170 4350 -
193 4303 319 4364 Abrcns.
343 4302 444 4362 Bueol.
466 4302 501 4362 11
523 4323 552 4380 p.
575 4302 640 4362 XL.
