2962 4812
702 231 915 294 ...70-

226 393 283 466 ὁ’τι
305 395 339 464 ἐν
363 391 564 484 Ἀμαρύνθῳ
588 394 606 487 ἡ
628 397 804 480 Κολαινίς,
835 397 889 463 διὰ
912 396 950 462 τὸ
972 397 1029 464 τὸν
1047 392 1275 483 Ἀγαμέμνονα
1298 404 1417 466 θῦσαι

221 503 301 599 αὐτῇ
330 507 398 574 ἐκεῖ
426 508 518 594 κριὸν
547 505 661 576 κόλον·
694 508 754 576 ἐπὶ
782 506 899 597 ταύτης
922 508 958 576 δὲ
981 507 1194 595 Καλλίμαχος
1217 510 1320 595 λέγειν
1345 513 1418 596 [sic

221 621 327 706 codd]
351 659 392 668 —
414 622 470 687 ubi
491 623 559 688 sine
581 622 676 688 dubio
700 622 931 690 Callimachum
954 622 1033 688 citat
1055 623 1266 704 Euphronius.
1303 623 1418 705 quid?

222 740 297 798 tune
320 739 416 816 putas
437 733 601 816 aequalem
624 732 690 798 fere
711 739 839 815 poetam
867 734 899 798 in
921 751 956 797 re
977 733 1165 814 praesertim
1189 735 1419 819 mythologica

221 844 253 909 in
276 845 493 910 testimonium
515 844 646 911 vocari?
683 849 790 910 tamen
820 862 879 909 non
909 843 1039 909 nimium
1061 844 1136 909 huie
1157 845 1205 911 rei
1227 845 1417 928 tribuerim,

223 957 369 1040 quoniam
392 953 463 1019 fieri
483 956 625 1036 potuisse
647 955 726 1022 iilud
749 955 983 1023 concedendurn
1005 955 1064 1020 est.
1102 957 1158 1022 sed
1182 955 1270 1022 aliud
1292 956 1418 1039 habeo,

223 1072 310 1150 quod
332 1067 461 1134 maioris
483 1066 634 1132 momenti
657 1070 714 1130 est.
748 1066 865 1132 videsis
883 1066 980 1132 schol.
996 1067 1091 1147 Vesp.
1110 1067 1187 1134 696:
1211 1103 1252 1114 —
1275 1059 1418 1152 Εὐφρό-

223 1201 292 1256 νιος
314 1175 427 1244 δὲκαὶ
450 1173 695 1265 σεσημειῶσθαί
710 1198 817 1264 φησιν,
842 1169 894 1242 ὅτι
916 1174 973 1242 τὸν
994 1180 1075 1241 θῖνα
1093 1170 1270 1263 ἀρσενικῶς
1287 1171 1334 1256 ὡς
1351 1178 1418 1244 καὶ

214 1285 358 1375 Ὅμηρος
387 1283 512 1375 εἴρηκεν
540 1328 591 1355 -.
620 1291 685 1356 iam
716 1289 922 1370 circumspice
945 1307 1062 1370 quaeso
1095 1307 1273 1370 aquosam
1296 1291 1419 1356 critico

223 1420 295 1467 eum
328 1421 356 1468 v.
387 1402 632 1486 σεσημαῶσθαι
660 1401 720 1468 tibi
748 1401 963 1483 persuadete,
994 1400 1021 1465 si
1051 1400 1271 1482 Euphronium
1294 1420 1415 1466 eorum

226 1531 367 1591 numero,
389 1513 444 1596 qui
465 1513 596 1580 criticae
618 1512 697 1578 artis
720 1511 929 1578 fundamenta
951 1517 1136 1593 posuerunt,
1158 1511 1315 1592 iniungas.
1341 1511 1419 1576 iru-

225 1628 294 1689 stra
317 1623 531 1706 circumspicis
554 1625 663 1688 credo:
685 1623 801 1688 etenim
824 1641 925 1703 neque
942 1621 1156 1688 Callimachus
1178 1622 1348 1702 (Zenodoti
1372 1643 1420 1689 ne

227 1732 343 1799 mentio
365 1735 492 1814 quidem
515 1733 675 1820 facienda)
698 1735 817 1800 iustum
838 1733 1098 1798 commentorium
1114 1733 1146 1797 in
1163 1733 1419 1815 Aristophanem

228 1843 356 1927 scripsit
385 1865 486 1928 neque
517 1846 746 1912 Eratosthenes
774 1845 936 1927 propriam
968 1843 996 1907 ei
1026 1862 1156 1924 operam
1178 1845 1351 1927 impendit;
1382 1867 1420 1912 v.

229 1955 410 2022 Schneider.
434 1977 464 2038 p.
487 1957 538 2024 86.
570 1958 653 2023 adde
682 1958 767 2039 quod
789 1954 998 2020 Aristarchus
1019 1955 1145 2020 demum
1169 1973 1239 2020 cum
1263 1962 1421 2022 notarum

228 2067 411 2132 criticarum
433 2069 619 2151 ampliorem
643 2067 785 2134 condidit
806 2085 916 2144 usum,
940 2072 1007 2130 tum
1031 2065 1139 2148 dipien
1162 2057 1203 2132 ad
1228 2067 1335 2130 varias
1357 2086 1421 2132 no-

229 2181 344 2246 tandas
372 2198 423 2245 res
447 2177 557 2262 (velot,
579 2179 613 2245 id
636 2179 721 2260 quod
743 2179 796 2244 hic
818 2177 990 2254 habemus,
1020 2195 1097 2242 usus
1120 2177 1245 2244 dicendi
1268 2179 1419 2260 proprie-

229 2292 343 2374 tatem)
366 2289 522 2356 adhihuit.
555 2292 665 2374 itaque
687 2327 729 2338 —-
751 2309 791 2354 ne
814 2288 935 2355 diutius
952 2306 1113 2354 moremur
1135 2325 1176 2334 -
1199 2288 1333 2354 dubium
1349 2309 1419 2354 non

229 2400 373 2484 videtur,
403 2421 423 2464 a
452 2419 514 2484 quo
544 2402 604 2468 iste
635 2421 663 2468 v.
687 2396 919 2486 σεσημείωται,
950 2400 1027 2482 quin
1061 2399 1104 2464 sit
1127 2399 1342 2466 Aristarchus.
1376 2407 1421 2466 ut

229 2531 290 2578 non
314 2511 415 2578 solum
436 2513 474 2578 R.
498 2511 666 2580 Schmidtii
688 2514 901 2580 coniecturam
924 2512 1012 2578 illam
1035 2511 1210 2589 reiciamus
1233 2511 1420 2577 sedetiam

230 2629 264 2690 ot
292 2630 367 2706 post
394 2623 616 2690 Aristarchum
645 2623 789 2690 floruisse
821 2629 854 2689 et
889 2624 973 2688 inter
1004 2622 1178 2704 discipulos
1214 2621 1282 2686 eius
1314 2621 1421 2690 fixisse

230 2734 451 2819 Euphronium
473 2741 662 2802 statuamus.

316 2846 456 2911 atenim
479 2865 545 2912 rem
575 2846 665 2912 nobis
696 2865 766 2914 esse
787 2866 859 2914 cum
882 2847 925 2912 M.
949 2845 1126 2914 Schmidtio
1149 2845 1211 2910 iam
1233 2843 1419 2914 fatendum:

232 2957 322 3024 ouius
356 2975 438 3022 nunc
467 2957 594 3024 demum
627 2975 740 3023 nomen
771 2958 867 3024 affero
897 2963 1084 3039 propterea,
1121 2958 1205 3039 qnod
1236 2973 1316 3022 unus
1357 2976 1425 3022 non
1479 2943 1480 2981 ³

233 3069 317 3135 sicut
339 3069 438 3134 ceteri
467 3086 545 3151 quos
575 3087 672 3151 supra
694 3068 823 3134 laudavi
852 3069 913 3134 viri
945 3069 1031 3134 docti
1053 3087 1123 3132 rem
1155 3067 1258 3133 obiter
1286 3070 1424 3136 strinxit

233 3180 284 3246 vel
306 3179 390 3262 quod
421 3179 482 3245 sihi
504 3180 668 3247 videretur
690 3179 877 3263 simpliciter
898 3181 1134 3262 pronuntiavit,
1166 3180 1223 3245 sed
1245 3179 1345 3244 fusius
1368 3188 1424 3246 at-

234 3309 296 3372 qua
317 3291 499 3357 accuratius
521 3292 562 3356 de
577 3291 762 3373 Euphronio
777 3291 853 3373 egit,
876 3290 1008 3374 Didymi
1030 3291 1174 3372 fragmm.
1197 3309 1227 3374 p.
1243 3291 1315 3358 294.
1338 3291 1424 3374 295;

233 3402 289 3468 uhi
311 3403 348 3468 R.
373 3401 541 3468 Schmidtii
564 3403 702 3485 opinioni
724 3403 771 3468 illi
786 3403 961 3468 assentitur
983 3409 1017 3468 et
1040 3403 1128 3468 haud
1142 3402 1226 3468 levia
1248 3401 1341 3467 addit
1355 3401 1424 3467 ful·
1478 3479 1479 3490 2

234 3514 380 3579 cimento.
425 3515 482 3579 sed
505 3533 544 3578 ne
566 3515 617 3579 his
639 3515 766 3596 quidem
789 3532 828 3578 ne
844 3514 1029 3579 Aristarcho
1052 3514 1259 3594 posteriorem
1280 3513 1424 3580 iudicem
1478 3505 1479 3591 ζ

236 3627 455 3709 Euphronium
471 3626 660 3706 persuaderi
682 3623 760 3688 mihi
778 3624 920 3690 dixerim.
958 3631 1055 3706 atque
1077 3624 1156 3689 illud
1172 3624 1310 3706 quidem,
1333 3627 1424 3704 quod

236 3738 371 3804 maxime
402 3757 451 3802 me
481 3755 608 3802 movere
639 3755 737 3818 supra
768 3736 851 3817 dixi,
881 3741 914 3802 et
945 3737 1050 3818 ipsum
1072 3735 1161 3799 ilium
1191 3735 1273 3800 male
1294 3735 1422 3802 habuit.

236 3847 314 3912 dicit
331 3849 429 3914 enim:
453 3868 553 3928 „unus
575 3867 625 3914 me
640 3847 856 3930 locusVespp.
881 3849 943 3914 694
966 3852 1098 3928 propter
1114 3846 1300 3912 vocabulum
1322 3865 1421 3930 σεση-

235 3961 406 4046 μειῶσθαι
435 3966 550 4043 uexat,
584 3963 640 4026 sed
673 3959 841 4026 confodere
871 3958 974 4024 locum
1007 3957 1221 4042 Chrysippus,
1251 3958 1422 4040 Lycophro

236 4071 505 4139 Eratosthenesve
535 4075 713 4153 poterant.“
757 4089 833 4136 sane
865 4067 1032 4134 confodere
1070 4074 1231 4151 poterant:
1268 4069 1325 4134 sed
1361 4087 1422 4151 ego

237 4204 299 4250 non
322 4187 389 4248 tam
413 4181 670 4248 confodiendiin
694 4201 730 4247 eo
753 4182 901 4266 appamia
923 4180 1026 4246 inesse
1057 4180 1214 4244 notionem
1237 4182 1420 4262 putaverim

239 4314 332 4377 quam
356 4295 463 4376 diplen
485 4295 674 4376 apponendi,
696 4312 790 4375 quarn
814 4293 868 4374 qui
891 4297 1082 4374 apponeret,
1104 4291 1267 4373 proprium
1290 4291 1419 4357 dicendi

238 4411 352 4488 poetae
374 4423 468 4470 usum
491 4422 624 4486 cumque
647 4404 785 4468 Homero
807 4421 1005 4470 communem
1028 4404 1080 4469 hic
1102 4403 1213 4470 haberi
1239 4401 1419 4487 significare
