2962 4812
552 171 763 240 ..15-

60 351 97 411 et
121 365 155 428 p.
172 345 253 412 339:
285 347 386 408 ταῦτα
408 342 620 427 [Apollodori]
644 335 674 408 δ’
691 338 747 424 οὐχ
762 339 912 429 ὁμολογεῖ
927 349 998 423 τοῖς
1017 342 1084 411 ὑπὸ
1098 345 1246 434 Σκηψίου

60 452 261 543 Δημητρίου
289 451 488 539 λεγομένοις,
521 445 596 538 παρ)
629 445 665 518 οὗ
694 453 866 542 μεταφέρει
898 455 938 521 τοί
962 457 1112 522 πλεῖστα.
1141 497 1183 508 -
1213 462 1245 526 in

59 575 136 634 toto
169 573 277 634 eutem
309 567 368 632 hoc
391 583 505 648 genere
533 565 718 647 plerumque
751 569 944 634 consensisse
966 588 1038 634 curn
1060 570 1246 636 Aristarcho

59 680 226 760 magistro
248 679 409 760 putandus
431 657 488 742 esl.
526 676 651 760 qualem
674 695 859 744 consensum
881 680 913 744 in
936 681 1117 746 universum
1139 682 1246 763 prodit

61 789 176 856 Streb.
199 810 230 872 p.
254 790 312 854 31:
336 787 449 867 (refert
470 789 659 854 sententium
679 789 873 871 Aristarchi)
895 795 990 854 τοῦτο
1013 789 1049 854 δέ
1072 782 1245 874 ἀγνοοῦντα

61 897 122 964 τδν
145 897 293 986 ποιητὴν,
314 893 421 984 ὥςπερ
443 895 499 962 καὶ
521 895 562 962 τοί
585 891 678 978 Atia,
701 895 763 964 ὅσα
784 895 909 987 ε’ίρηκεν
927 895 1181 986 Ἀπολλόδωρος
1211 900 1245 966 έν

62 1009 112 1096 τῷ
139 1008 219 1094 περὶ
241 1014 320 1074 νεών
341 1005 520 1093 καταλόγου
543 1007 698 1094 δευτέρῳ,
730 1008 1007 1095 καταψεύσασθαι
1037 1015 1101 1076 τῶν
1131 1010 1246 1080 τόπων

63 1120 106 1185 τὰ
129 1119 176 1209 μὴ
198 1116 288 1188 ὄντα.
332 1143 361 1187 v.
384 1121 493 1187 Lehrs.
516 1123 570 1186 Ar.
593 1141 623 1203 p.
647 1121 708 1186 253
732 1140 799 1204 sqq.
822 1159 863 1168 —
886 1124 926 1188 eb
952 1124 1012 1189 hnc
1027 1131 1133 1190 eutem
1154 1133 1246 1207 parte

63 1234 211 1298 maxime·
240 1233 372 1315 insignis
405 1251 501 1314 opera
534 1251 628 1314 quem
651 1232 823 1314 impendit,
857 1235 933 1300 item
968 1242 1003 1300 ut
1032 1238 1246 1318 Aristarchus,

63 1343 282 1427 homonymiis
303 1363 384 1427 quoe
414 1351 490 1411 sunt
518 1345 604 1426 apud
628 1343 800 1409 Homerum
823 1345 1054 1425 distinguendis
1068 1353 1105 1424 1).
1149 1368 1244 1431 quarn

64 1455 186 1520 Strabo
209 1457 321 1522 laudet
342 1457 401 1522 hoc
423 1456 623 1539 potissimum
646 1454 714 1519 loco
736 1473 766 1534 p.
789 1455 851 1521 338
865 1455 911 1538 2):
931 1447 1185 1544 Ἀπολλόδωρος
1208 1458 1245 1523 δὲ

63 1561 236 1630 διδάσκων
246 1558 283 1633 ὃν
292 1563 414 1654 τρόπον
425 1562 443 1632 δ
454 1563 590 1653 ποιητὴς
600 1559 701 1630 εἴωθε
714 1563 965 1630 διαστέλλεσθαι
977 1566 1036 1646 τοὶς
1048 1563 1243 1653 ὁμωνυμίας,

63 1665 139 1740 οἷον
161 1675 223 1743 έπί
245 1679 300 1742 τού
319 1671 509 1764 Ὀρχομενοῦ
538 1675 595 1742 τδν
616 1675 677 1760 μέν
698 1669 896 1761 Ἀρκαδικδν
920 1673 1106 1765 πολύμηλον
1127 1681 1244 1759 καλῶν,

64 1787 123 1852 τὸν
154 1787 192 1852 δέ
223 1787 427 1854 Βοιωτιακδν
461 1785 629 1868 Μινύειον,
668 1788 724 1853 καὶ
756 1783 866 1871 Σάμον
897 1787 1050 1875 Θρηικίην
1081 1787 1246 1867 συντιθείς

65 1894 238 1985 (μεσσηγύς
259 1922 294 1963 τε
310 1895 436 1984 Σύμοιο
455 1898 509 1964 καὶ
521 1894 673 1988 ’Ίμβρου’,
696 1901 750 1964 ἵνα
763 1895 886 1986 χωρίσῃ
902 1892 971 1964 ἆπδ
989 1893 1136 1990 Ἰωνικῆς,
1160 1895 1244 1966 ούτω

66 2008 151 2095 φησί
167 2009 223 2074 καί
238 2008 294 2098 τὴν
314 2009 548 2098 Θεσπρωτικὴν
562 2004 700 2098 Ἐφύραν·
710 2008 964 2076 διαστέλλεσθαι
979 2013 1025 2098 τῷ
1040 2035 1074 2078 τε
1088 2009 1244 2098 τηλόθεν

66 2118 124 2184 καί
154 2123 201 2206 τῷ
230 2124 391 2205 ποταμοῦ
428 2115 497 2186 diruo
527 2118 737 2207 Σελλήεντος.
789 2121 951 2204 Ephyram
965 2125 993 2202 3)
1027 2125 1126 2204 igitur
1157 2127 1246 2190 ouius

69 2232 261 2298 mentionem
285 2233 364 2298 lecit
386 2239 480 2315 poete
508 2234 622 2314 0531,
645 2234 727 2314 quod
748 2251 808 2297 non
825 2253 896 2299 cum
912 2234 1072 2299 Demetrio
1094 2235 1247 2316 Elimeam,

71 2345 129 2408 sed
145 2343 386 2425 Thesproticem
409 2362 477 2410 esse
499 2347 624 2423 statuit,
646 2343 823 2408 Aristarchi
841 2345 1030 2409 sententiam
1046 2347 1246 2427 probarim),

71 2473 167 2535 quem
190 2455 388 2522 Aristonicus
410 2457 541 2537 apponit
571 2457 612 2521 ed
636 2456 667 2520 h.
690 2475 732 2520 u:
761 2449 780 2540 η
802 2453 903 2541 διπλῆ
928 2448 981 2520 ὅτι
1003 2458 1060 2544 τῆς
1085 2457 1244 2542 Θεσπρω-

71 2565 185 2653 τιακῆς
209 2558 346 2653 Ἐηκίρας
367 2564 470 2649 λέγει,
501 2559 558 2632 οὐκ
580 2562 617 2629 έκ
648 2567 703 2651 της
725 2561 903 2650 Κορίνθου.
941 2565 1038 2652 δῆλον
1059 2563 1097 2630 δέ
1131 2565 1167 2630 ἐκ
1189 2569 1246 2632 τοῖν

74 2671 283 2764 Σελλήεντος,
315 2671 370 2764 ἀφ’
394 2667 432 2743 οὗ
453 2676 508 2742 καί
531 2673 646 2742 Σελλοὶ
667 2670 698 2738 oi
722 2671 884 2762 περίοικοι
906 2714 957 2742 -.
988 2677 1026 2744 of.
1049 2679 1183 2745 eundem
1205 2682 1245 2744 ed

74 2791 104 2850 Β
122 2788 193 2854 659.
238 2807 307 2855 cum
330 2790 515 2872 Apollodori
538 2795 644 2854 autem
666 2788 723 2852 illa
745 2789 784 2852 de
800 2788 1006 2854 Orchomenis
1027 2792 1114 2871 opud
1129 2791 1245 2856 Home-

74 2917 143 2964 rum
165 2897 410 2985 διεσταλμένοις
432 2901 591 2967 sententia
613 2897 836 2966 conferendum
858 2899 1051 2965 simillimum
1069 2902 1246 2967 Aristarchi

75 3009 237 3090 iudicium,
259 3012 390 3078 allatum
414 3013 454 3078 ob
478 3011 616 3076 Ariston.
660 3010 703 3075 ed
726 3013 755 3072 B
783 3010 843 3074 511
864 3002 1053 3094 Ὀρχομενὸν
1077 3007 1247 3077 Μινύειονε

75 3115 92 3206 ἡ
122 3119 223 3209 διπλῆ
252 3117 302 3187 ὅτι
331 3121 387 3188 καί
417 3118 525 3206 ἕτερος
552 3113 741 3206 Ὀρχομενός
769 3119 858 3186 ἐστιν
882 3114 1087 3207 Ἀρκαδικός.
1130 3113 1199 3186 ἀλλ’
1230 3116 1248 3186 ὅ

75 3229 133 3314 μὲν
150 3231 353 3311 Βοιωτιακὸς
371 3230 526 3309 Μινύειος
547 3231 705 3312 καλεῖται,
728 3229 746 3297 ὁ
769 3231 805 3296 δέ
833 3226 1030 3314 Ἀρκαδικὸς
1049 3227 1245 3318 πολύμηλος.

75 3339 130 3406 καί
159 3346 231 3420 τοῖς
252 3340 426 3424 ἐπιθέτοις
454 3342 675 3410 διαστέλλεται
700 3338 719 3430 h
740 3338 907 3426 ὁμωνυμία
918 3346 957 3421 ⁶).
1000 3361 1094 3424 porro
1117 3343 1244 3425 Apollo·

76 3456 169 3520 dorus
192 3455 375 3522 Oechnhem
405 3475 500 3523 unam
530 3456 617 3537 apud
639 3455 811 3519 Homerum
834 3452 1048 3519 Thessalicum
1078 3457 1246 3520 memorari

160 3629 189 3706 1)
213 3634 307 3687 toturn
320 3629 397 3707 quod
410 3649 503 3704 genus
513 3629 641 3687 illustret
654 3631 689 3685 A.
701 3627 880 3701 Schimberg,
893 3627 1036 3686 Analecta
1047 3628 1243 3702 Aristarchea,

76 3731 142 3788 diss.
172 3731 271 3804 inaug.
304 3731 518 3808 Gryphisweld.
553 3733 648 3801 1878,
678 3729 729 3787 ubi
760 3730 795 3786 de
826 3729 1005 3804 Apollodoro
1036 3731 1155 3806 proprie
1184 3731 1246 3805 egit

76 3853 103 3908 p.
127 3837 259 3890 ιιι-εν.

159 3935 191 4011 2)
213 3955 241 3993 v.
264 3933 436 4010 Schimberg
459 3935 476 3992 l.
500 3935 518 3992 l.
541 3954 570 4011 p.
598 3939 642 3994 19.

159 4037 191 4112 8)
214 4038 249 4094 δε
273 4036 402 4113 Ephyris
423 4037 594 4112 Schimberg
616 4058 644 4114 p.
670 4042 766 4108 3-8,
789 4035 896 4112 partim
919 4041 1067 4094 correctus
1089 4055 1106 4094 α
1128 4035 1244 4095 Goedeo

76 4162 102 4217 p.
126 4147 152 4198 6.
178 4141 206 4198 7.

158 4243 192 4318 4)
213 4243 317 4302 Lehrs.
339 4245 391 4300 Ar.
413 4261 442 4317 p.
463 4248 533 4301 236.

159 4345 190 4423 5)
212 4344 385 4418 Sohimberg
406 4363 435 4421 p.
463 4348 510 4404 12.
533 4349 582 4403 20.
