2962 4812
673 197 885 262 -72-

191 367 275 448 quod
298 365 362 432 iam
384 366 560 446 attulimus,
583 369 642 432 An.
666 369 730 435 765
745 368 881 450 llidymo
904 367 1014 434 deberi
1036 369 1083 434 ait
1101 370 1279 454 Euphronii
1301 390 1375 439 sen·

191 475 312 544 tentiae
343 479 497 546 adversus
526 478 756 545 Callimachum
786 478 1018 561 patrocinanti:
1050 481 1136 563 qnod
1168 484 1304 548 evadere
1335 503 1376 549 ex

191 587 328 672 Hesych.
351 608 375 656 s.
398 610 426 656 v.
449 585 610 666 ποίππος;
635 585 844 676 -σημαίνει
875 587 912 655 δὲ
933 587 990 655 καί
1012 582 1123 677 ὀρνέου
1144 583 1241 670 εἶδος.
1285 593 1376 660 simi-

190 699 266 766 liter
288 707 396 768 censet
417 701 622 769 iudicandum
639 702 679 768 de
701 702 721 768 l.
737 701 874 786 Hesyeh.
897 721 923 767 s.
940 723 970 769 v.
993 698 1123 781 σπολάς
1144 704 1182 770 cl.
1200 703 1298 771 schol.
1314 708 1375 772 Αν.

192 811 272 891 933;
295 812 436 896 itemque
451 833 509 896 per
525 814 699 897 Didymum
715 813 892 896 Euphronii
907 815 1081 881 sententias
1095 822 1290 898 propagatas
1305 835 1377 884 esse

191 943 273 1006 quae
302 931 427 990 exstent
456 925 544 1008 apud
574 923 666 990 Phot.
691 924 762 1004 165,
787 926 824 990 11
849 943 873 990 s.
895 945 924 992 v.
948 920 1097 991 liliisne.
1128 927 1201 1008 383,
1231 927 1271 992 21
1296 946 1320 993 s.
1343 948 1376 994 v.

192 1029 463 1122 παραιξόρουσον.
495 1036 548 1101 Et.
564 1036 607 1100 M.
622 1053 646 1100 S.
663 1054 692 1104 v.
708 1031 877 1123 ἐνεργμός;
899 1055 1033 1104 necnon
1049 1037 1178 1121 Didymi
1201 1055 1270 1104 esse
1292 1056 1378 1121 quae

191 1145 342 1230 leguntur
371 1147 468 1214 schol.
499 1148 557 1212 Au.
589 1148 650 1214 798
681 1139 862 1235 Εὐφρόνιος
883 1185 925 1194 -
948 1143 1093 1213 ἔπλικεν.
1137 1141 1308 1236 ἀμάρτυρα
1338 1146 1378 1214 δὲ

193 1247 374 1345 ἀμφότερα.
420 1259 535 1325 summi
569 1262 676 1324 autem
711 1259 759 1324 ait
790 1276 859 1324 esse
892 1259 1043 1325 momenti
1074 1259 1170 1326 schol.
1193 1261 1252 1326 Au.
1278 1259 1380 1328 1379:

193 1406 255 1449 „—-
276 1367 333 1436 καί
354 1363 533 1458 Εὐφρόνιος
553 1367 614 1455 μὲν
634 1367 739 1450 χωλὸν
760 1359 844 1436 εἶναι
866 1369 923 1437 τδν
942 1365 1105 1457 Κινησίαν
1127 1365 1225 1458 φησίν
1246 1407 1289 1418 -
1312 1366 1375 1435 δίλ-

194 1479 268 1557 λως.
306 1476 453 1566 Δίδυμος
474 1479 535 1566 μὲν
556 1477 681 1563 κύκλον,
704 1478 778 1547 ἐπεὶ
800 1479 939 1547 κυκλίων
961 1474 1118 1570 ᾀσμάτων
1133 1477 1271 1570 ποιητής
1293 1480 1376 1564 ἐστι,

193 1589 309 1658 κυλλὸν
330 1590 377 1674 δέ,
400 1591 476 1659 ἐπεὶ
495 1591 601 1674 χωλός
622 1585 669 1682 ἦν.
702 1587 826 1680 εἴρηται
851 1591 888 1658 δὲ
910 1589 988 1676 περὶ
1010 1585 1108 1658 αὐτοῦ
1130 1589 1164 1657 ἕν
1180 1589 1377 1682 Βατράχοις.

194 1697 212 1767 ὃ
242 1701 279 1768 δὲ
302 1695 533 1791 Ἀριστοτέλης
562 1701 596 1770 ἒν
625 1701 854 1780 διδασκαλίαις
883 1699 940 1768 δύο
970 1701 1050 1789 φησί
1071 1701 1241 1788 γεγονέναι.
1288 1700 1379 1790 Σίμ-

193 1835 297 1898 μαχος
319 1807 437 1892 οὕτως·
471 1809 664 1905 Εὐφρόνιος,
696 1813 811 1904 ἐπειδὴ
831 1812 949 1892 κυλλδς
970 1805 1007 1903 ἢν
1029 1810 1047 1880 ὁ
1071 1811 1239 1903 Κινησίας.
1282 1819 1381 1884 τοῦτο

194 1924 231 1992 δὲ
261 1917 317 1992 oin
345 1921 435 1992 ἔστιν
463 1922 576 2015 εὑρεῖν.
620 1927 711 1995 vides
742 1928 840 2009 igitur
870 1925 1094 2010 Symmachum
1125 1927 1252 2009 oblique
1282 1928 1381 1995 casti·

193 2058 270 2119 gare
286 2038 469 2122 Didymum,
492 2042 578 2121 quod
593 2038 770 2122 Euphronii
787 2037 1013 2120 expositionem
1030 2057 1120 2104 suam
1140 2037 1253 2106 fecerit
1268 2058 1382 2122 quam·
1479 2057 1480 2064 ¹

194 2149 243 2216 uis
265 2148 466 2229 testimoniis,
488 2148 670 2232 Symmachi
686 2149 807 2216 scilicet
828 2154 945 2229 aetate,
968 2169 1030 2215 non
1052 2149 1189 2232 amplius
1211 2150 1380 2217 stabilien-

197 2262 287 2341 dam;
319 2259 538 2342 Euphroninm
569 2279 662 2343 vero,
694 2260 826 2326 missum
856 2259 975 2326 faciens
1005 2261 1195 2344 Didymum,
1228 2281 1286 2328 suo
1308 2262 1380 2328 iuro

197 2371 407 2456 Symmachus
421 2373 619 2456 perstringit,
643 2375 754 2454 utpote
770 2371 989 2454 explicationis
1011 2371 1096 2436 illius
1111 2376 1272 2438 auctorem
1287 2372 1377 2456 prin·

195 2483 358 2566 cipslem“.
383 2521 423 2528 -
446 2485 531 2551 addo
553 2483 651 2551 schol.
676 2483 733 2548 AV.
749 2481 812 2548 299
834 2474 1016 2568 Εὖφρόνιός
1037 2501 1116 2567 φησι
1139 2482 1212 2560 τοὺς
1235 2486 1379 2571 Δωριεῖς

196 2591 308 2679 λέγειν,
338 2589 421 2678 cota
443 2593 483 2683 δὴ
503 2591 583 2678 sote
605 2589 741 2680 κηρύλος
762 2586 846 2677 ε’ίην·
877 2591 952 2671 τούς
974 2591 1010 2657 δὲ
1029 2585 1201 2670 ’Λττικοδς
1223 2589 1378 2681 κείρυλον.

196 2704 278 2794 φησί
300 2704 337 2772 δὲ
359 2702 506 2790 Δίδυμος
537 2703 575 2771 τὸ
597 2702 680 2772 κατὰ
711 2700 808 2792 φύσιν
831 2697 934 2788 όνομα
955 2700 1100 2791 κείρυλος
1122 2701 1296 2788 λέγεσθαι,
1320 2707 1379 2774 uhi

198 2821 266 2886 sine
289 2819 385 2885 dnbio
401 2817 557 2902 Didymus
572 2821 615 2885 ad
630 2819 731 2884 nostri
742 2817 994 2886 observationem
1010 2815 1147 2898 respicit.
1170 2851 1213 2862 -
1235 2821 1377 2883 ceterum

198 2929 438 3012 quibuscunque
456 2929 534 2996 loeis
550 2929 769 3012 Euphroninm
786 2929 929 2994 videmus
951 2928 982 2992 in
1006 2928 1139 2994 aliorum
1155 2926 1307 2993 societate
1322 2933 1380 2994 aut

196 3041 363 3107 vicinitate
385 3046 674 3123 commemoratum,
697 3040 727 3106 ei
748 3058 855 3105 omnes
870 3039 917 3104 ita
939 3039 1089 3106 videntur
1103 3037 1279 3121 comparati
1300 3055 1381 3120 esse,

199 3157 235 3217 nt
266 3152 297 3216 in
326 3151 407 3216 illud
437 3152 522 3235 qnod
552 3152 624 3218 dico
655 3152 807 3234 temporis
836 3150 993 3233 spatium,
1025 3151 1110 3230 quod
1132 3156 1181 3216 est
1202 3149 1286 3215 inter
1309 3149 1381 3215 Ari·

198 3260 320 3328 starchi
349 3265 489 3328 aetatem
520 3267 552 3328 et
581 3262 728 3346 Didymi,
757 3268 870 3345 sponte
898 3280 954 3327 nos
983 3261 1153 3328 abducant.
1196 3265 1233 3326 ut
1262 3259 1381 3326 Athen.

197 3371 217 3436 l.
239 3372 260 3436 l.
284 3371 462 3439 nominatos
484 3373 638 3439 habemus
660 3372 770 3438 hosce:
793 3367 943 3438 πελίκαι·
968 3369 1217 3457 Καλλίστρατος
1238 3407 1274 3417 ·-
1291 3363 1381 3437 ἀπο-

199 3478 316 3548 δίδωσι
338 3477 464 3547 κύλικα.
508 3477 644 3569 Κροίτης
666 3475 698 3547 δ’
722 3519 764 3531 -
786 3480 904 3572 γράφει
927 3479 1029 3562 οὕτως
1050 3521 1101 3565 ·-,
1124 3480 1181 3571 τὴν
1203 3481 1240 3550 δὲ
1250 3477 1383 3569 ’Όλπην

198 3590 400 3678 Κλιίταρχος
430 3590 630 3681 Κορινθίους
659 3591 720 3678 μέν
752 3615 832 3682 φησι
862 3634 904 3644 -
925 3589 1124 3662 ἀποδιδόναι
1153 3633 1195 3642 -
1225 3593 1383 3672 Σέλευκος

199 3703 236 3770 δὲ
258 3701 415 3786 πελίχναν
437 3704 603 3784 Βοιωτοδς
622 3703 684 3790 μὲν
705 3700 762 3792 τὴν
781 3702 905 3788 κύλικα,
929 3698 1107 3794 Εὐφρόνιος
1128 3698 1157 3770 δ’
1177 3703 1212 3771 ἒν
1232 3700 1381 3793 ὑπομνή-

196 3836 281 3900 μασι
316 3813 391 3893 τούς
425 3811 515 3896 χόας.
570 3817 642 3883 dein
681 3835 736 3881 sex
765 3816 953 3882 scholiorum
992 3817 1069 3883 locis
1100 3817 1172 3895 (Au.
1202 3816 1275 3882 933.
1306 3818 1381 3884 997.

199 3929 291 3995 1378.
314 3929 410 4012 Vesp.
433 3928 505 3996 604.
528 3928 601 3993 675.
644 3928 729 3995 Plut.
759 3929 831 3996 385.
862 3932 895 3994 et
924 3927 1017 3994 Phot.
1050 3926 1121 4006 165,
1153 3928 1206 4008 11)
1235 3947 1308 3994 enm
1331 3929 1380 3995 in-

198 4041 343 4108 venimus
380 4041 470 4108 iuxta
491 4040 720 4109 ,Callistratum
759 4044 1038 4106 commemoratum
1069 4040 1166 4122 idque
1195 4039 1383 4122 plerumque

197 4157 272 4237 post
293 4153 401 4220 illum:
430 4173 448 4220 e
478 4153 595 4238 quihus
618 4153 702 4240 quod
731 4169 822 4218 secus
845 4151 1008 4235 collegerit
1032 4151 1075 4217 M.
1098 4150 1262 4234 Schmidt,
1284 4171 1383 4234 snpra

199 4265 329 4329 dietum.
373 4263 450 4329 item
473 4270 546 4346 post
568 4263 806 4329 Artemidorum
829 4262 925 4343 Vesp.
949 4263 1050 4346 1144,
1073 4264 1127 4346 qui
1150 4263 1262 4346 procul
1284 4262 1382 4330 dnbio

200 4373 572 4458 Pseudoaristophaneus
594 4370 655 4443 est.
699 4393 794 4458 porro
816 4374 902 4442 idem
924 4375 1009 4456 quod
1025 4373 1244 4457 Euphroninm
1261 4379 1381 4442 testan-
