2962 4812
578 167 790 230 ..71-

82 337 243 404 voluerit.
287 357 325 404 ac
358 338 438 404 talia
466 338 530 403 iam
554 343 629 402 ante
650 335 873 404 Aristarchum
903 335 990 403 facta
1011 355 1086 402 num
1108 335 1201 402 facilc
1223 357 1274 403 ar·

84 448 313 514 bitrabimur‘l
336 449 444 532 itaque
465 449 549 514 hunc
564 447 666 516 locum
690 449 731 513 ad
754 467 820 514 rem
844 467 946 514 meam
961 447 1178 514 sustinendam
1202 467 1274 530 gra-

83 559 257 626 vissimum
288 578 358 626 esse
387 561 463 640 quin
493 560 669 626 existimem
698 559 804 626 tacere
836 578 896 625 non
927 577 1064 640 possum.
1092 596 1133 606 -
1165 577 1273 624 verum

83 671 179 738 illius
201 669 358 754 opinionis
381 689 441 734 non
463 670 656 737 levissimum
688 676 910 752 argumentum
932 671 976 736 M.
1000 669 1194 735 Schmidtius
1215 669 1275 734 hoc

85 783 199 862 ducit,
230 783 335 865 „quod
357 779 541 863 saepissime
572 788 605 847 ct
627 783 658 848 in
681 781 810 849 scholiis
832 788 865 846 et
887 779 964 846 alibi
985 779 1191 862 Euphronius
1213 780 1275 845 iste

89 913 169 961 cum
194 893 380 960 Callistrato
400 892 633 974 Aristophaneo
665 895 712 959 ita
734 893 932 959 consociatus
953 889 1145 974 appellatur,
1176 890 1273 956 semel

86 1005 190 1070 etiam
214 1023 277 1070 nna
300 1023 371 1070 cum
394 1003 596 1069 Artemidoro
618 1005 862 1087 Aristophaneo,
884 1021 942 1070 nec
964 1021 1025 1068 non
1048 1021 1118 1067 cum
1143 1001 1273 1068 Seleuco

87 1114 301 1182 Aristarchco
331 1119 363 1180 et
392 1113 593 1196 Callistrato,
623 1121 660 1180 ut
688 1136 747 1199 per
770 1115 990 1182 Callistratum
1023 1112 1090 1179 eius
1121 1114 1274 1180 memoria

86 1231 272 1311 propagata
294 1243 363 1292 esse
385 1225 541 1292 videatur.
585 1225 667 1292 Nam
689 1227 772 1292 Plut.
795 1227 859 1294 385
889 1219 1138 1310 Καλλίστρατος
1158 1223 1196 1290 δὲ
1218 1222 1274 1290 καὶ

87 1331 273 1425 Εὐφρόνιος
301 1332 484 1424 τραγῳδίας
514 1332 650 1428 ποιητήν
679 1357 760 1423 φασι
795 1337 922 1418 saepius
953 1337 1017 1401 iam
1048 1337 1108 1404 hoc
1138 1337 1170 1402 in
1191 1337 1273 1403 libro

87 1447 315 1515 adnotavimus
341 1446 393 1530 [cf.
417 1466 448 1528 p.
465 1445 540 1534 289]
564 1449 609 1516 sic
631 1449 714 1516 verti
729 1448 845 1514 debere
866 1447 1088 1529 ‘Euphronius
1113 1447 1163 1514 cui
1179 1447 1273 1514 Calli·
1352 1489 1355 1500 ·

86 1565 213 1627 stratus
230 1560 445 1626 testimonium
463 1560 632 1626 denunciat
647 1565 680 1626 et
694 1561 764 1643 ipse
779 1559 1002 1625 Callistratus’.
1035 1563 1189 1626 Accusata
1212 1558 1272 1641 igi·

87 1677 144 1737 tur
177 1675 290 1737 auctor
321 1669 417 1736 schol.
440 1671 557 1752 Vespp.
582 1671 644 1737 602
667 1663 846 1758 Εὐφρόνιος
874 1667 998 1753 μὲν-
1021 1665 1270 1757 Καλλίστρατος

87 1779 161 1848 δέ.“
205 1781 351 1865 equidem
382 1786 489 1847 tamen
520 1783 570 1847 his
598 1801 658 1846 non
688 1788 813 1850 tantum
841 1781 1025 1861 tribuerim,
1047 1786 1084 1847 ut
1107 1801 1145 1848 ne
1168 1800 1270 1846 meam

89 1915 159 1961 rem
190 1893 329 1960 evellant
357 1897 506 1958 metuam.
550 1912 623 1958 nam
653 1898 690 1958 ut
718 1895 751 1960 in
779 1895 836 1960 hos
867 1894 953 1962 locos
976 1911 1043 1959 mos
1065 1892 1119 1960 ille
1141 1893 1271 1972 citandi,

87 2025 186 2088 quem
208 2025 238 2072 r.
253 2006 283 2070 d.
306 2021 439 2070 acumen
461 2003 635 2086 indagavit,
658 2007 773 2071 cadere
794 2007 907 2087 possit,
930 2011 1037 2071 tamen
1059 2023 1120 2070 non
1143 2023 1270 2072 necesse

87 2124 141 2184 est
170 2116 218 2182 ita
248 2119 399 2181 statuere.
442 2115 518 2197 quid
550 2117 657 2182 eninr?
693 2117 912 2199 Euphronium
944 2117 973 2184 si
1000 2121 1151 2199 putamus
1174 2115 1270 2182 Calli·

90 2233 195 2292 strato
218 2227 436 2308 posteriorem,
460 2227 574 2309 ecquid
596 2228 628 2292 in
652 2228 707 2293 ille
731 2228 908 2294 Callistrati
930 2233 964 2294 et
985 2226 1160 2310 Euphronii
1181 2226 1271 2292 testi-

89 2340 198 2404 monia
220 2337 372 2404 afferendi
393 2338 517 2403 ratione
539 2357 595 2404 nos
617 2338 776 2406 offendet?
806 2341 910 2405 minus
932 2357 1007 2421 ergo
1029 2342 1178 2406 accurate
1200 2359 1271 2405 mea

87 2471 127 2518 cx
148 2449 308 2516 sententia
322 2454 434 2514 auctor
455 2449 552 2516 schol.
570 2451 664 2532 Vesp.
688 2453 751 2518 602
774 2452 875 2534 (604).
899 2488 941 2498 -
962 2451 1100 2516 alterum
1121 2451 1164 2515 ad
1179 2469 1270 2516 suam

87 2560 281 2628 sententiam
302 2559 490 2625 firmandam
514 2567 735 2642 argumentum
758 2563 807 2628 vir
837 2579 980 2628 summus
1007 2562 1090 2644 petit
1111 2581 1150 2628 ex
1172 2561 1268 2628 schol.

86 2673 146 2739 Ar.
171 2672 233 2738 765
249 2663 428 2757 Εὖφρόνιός
450 2691 530 2757 φησι
552 2668 696 2738 πάππον
718 2666 828 2760 {ignaria
842 2696 874 2737 τι
897 2663 981 2737 εἶναι
996 2709 1038 2720 -
1053 2667 1270 2756 Καλλίμαχος

89 2774 146 2848 oda
176 2774 355 2869 ἀναγράφει
385 2782 443 2847 τὸν
470 2777 614 2848 πάππον
627 2785 667 2864 ¹).
719 2803 780 2866 quo
810 2803 849 2849 en
877 2784 945 2850 loco
976 2783 1205 2851 Callimachum
1236 2783 1269 2850 in

89 2893 171 2960 libro
203 2911 260 2958 suo
282 2894 465 2976 Euphronio
496 2895 574 2959 data
601 2913 699 2976 opera
726 2894 907 2961 oblocutum
929 2913 999 2962 esse
1021 2913 1049 2960 v.
1073 2896 1103 2960 d.
1126 2894 1269 2978 collegit;

90 3023 147 3069 auo
169 3023 246 3070 sane
267 3005 352 3084 iure,
384 3005 412 3070 si
434 3005 521 3070 illem
544 3006 584 3069 de
606 3005 782 3086 Euphronii
805 3010 912 3071 aetate
933 3005 1047 3072 habuit
1069 3007 1269 3073 sententiam.

92 3115 184 3182 nobis
206 3133 281 3180 vero
305 3116 382 3198 quid
404 3117 513 3183 obstat
534 3117 609 3198 quin
631 3117 850 3198 Euphronium
873 3117 1058 3183 Callimachi
1079 3116 1196 3183 librum
1219 3117 1269 3183 rel

90 3225 216 3292 omnino
244 3226 407 3305 ignorasse
436 3226 487 3294 vel
516 3227 669 3294 scientem
704 3235 852 3308 putemur
892 3227 1090 3310 neglexisse?
1129 3233 1269 3294 ceterum

91 3357 192 3420 supra
214 3337 381 3403 attulimus
404 3337 500 3403 schol.
515 3338 574 3404 Ar.
590 3338 662 3420 873,
685 3338 739 3404 ubi
755 3337 981 3405 Callimachum
998 3339 1029 3405 in
1052 3337 1268 3404 testimonium

90 3449 197 3516 vocari
229 3469 249 3514 a
271 3453 379 3514 nostro
402 3450 548 3514 diximus
572 3485 612 3494 —
635 3451 693 3516 sed
723 3455 760 3514 ut
782 3449 853 3515 istis
874 3449 1075 3516 abnuendum
1098 3467 1154 3516 nos
1176 3449 1268 3516 duxi-

91 3579 161 3626 mus
192 3561 379 3640 adsensum,
417 3559 463 3624 sic
499 3558 589 3624 nihili
626 3566 778 3640 putamus
806 3560 992 3628 Schneideri
1029 3567 1268 3642 ceterorumque

90 3671 191 3738 nostri
223 3669 341 3736 aetatis
371 3675 571 3753 computum,
604 3672 637 3736 in
666 3672 726 3739 hac
755 3677 841 3738 certe
871 3692 906 3738 re
936 3671 1159 3757 gravissimum
1182 3672 1268 3738 nacti

95 3783 227 3846 eundem
257 3781 300 3845 M.
335 3779 545 3847 Schmidtium
582 3783 710 3850 socium.
757 3784 826 3849 iure
856 3784 939 3850 enim
968 3783 997 3851 is
1034 3782 1133 3850 schol.
1174 3782 1265 3864 illud,

182 4024 209 4103 1)
232 4022 275 4082 sic
295 4023 450 4086 Bentleius
481 4030 511 4083 et
531 4024 686 4100 Dindonf.;
718 4028 798 4106 quod
828 4048 882 4103 ego
905 4028 1097 4105 praetulerim
1118 4027 1164 4087 illi
1187 4028 1266 4108 quod

93 4128 131 4187 M.
163 4125 306 4186 Schmidt.
336 4126 419 4184 codd.
448 4126 500 4186 ille
529 4127 648 4207 quidem
681 4135 813 4190 secutus:
845 4131 899 4188 K.·
933 4121 989 4190 οὐκ
1020 4123 1185 4209 ἀναγράφω
1215 4123 1268 4189 τὸν

92 4250 121 4290 π.
141 4263 184 4272 -
207 4229 357 4306 pertinent
374 4229 448 4288 haec
470 4229 506 4288 ad
525 4230 699 4290 Callimachi
722 4229 790 4311 περὶ
813 4227 925 4312 ὀρνέων
947 4233 1065 4294 librum.
1097 4255 1126 4296 v.
1142 4234 1265 4295 Schnei-

95 4333 153 4393 dar.
175 4331 288 4392 Callim.
309 4331 343 4391 Il
364 4351 393 4408 p.
419 4335 467 4392 16.
