2962 4812
541 167 753 232 „3-

48 334 235 416 historique
264 323 456 428 sur-l’Ecolc
478 335 701 402 d’Alexandrie
725 335 830 420 (Paris
855 337 951 420 1820)
980 341 1003 403 t.
1026 339 1042 402 I
1064 357 1095 420 p.
1120 338 1179 404 157
1195 341 1239 422 ι).’

52 444 284 512 correctiorem
319 447 472 528 praebent
503 467 667 514 recensum
690 447 733 512 M.
756 447 796 512 H.
819 447 854 511 Ε.
877 449 987 527 Meier,
1010 448 1184 516 Commeat.
1211 453 1236 516 Ι.

51 557 95 618 de
110 557 268 621 Andocid.
302 576 384 638 quae
396 559 491 641 uulgo
506 557 608 624 fertur
630 577 655 624 c.
667 558 822 624 Alcibiad.
844 563 923 623 orat
939 578 969 641 p.
987 561 1027 625 13
1050 559 1106 645 (=
1121 563 1236 644 Opusc.

51 667 147 732 acad.
163 667 180 732 I
194 687 225 748 p.
245 666 300 751 93)
317 688 346 732 n.
366 669 444 749 100;
468 668 680 751 Graetenhan,
703 668 894 736 Geschichte
910 671 968 736 der
989 671 1085 737 kiass.
1101 671 1238 738 Philolo-

50 777 106 860 gie
123 777 167 842 im
182 779 373 862 Alterthum,
388 780 449 845 vol.
465 781 523 862 Ip.
535 781 598 846 399
609 798 689 862 sqq.;
708 788 867 862 postremo
880 780 1090 863 Sergebusch
1106 783 1235 848 Homer.

54 887 187 953 dissert.
204 890 302 969 prior.
324 909 355 972 p.
371 891 422 971 30,
444 892 492 956 La
506 891 623 970 Reche,
647 891 854 958 Homerische
868 891 1048 958 Tenthritih
1070 912 1101 973 p.
1114 894 1154 958 68
1169 911 1237 977 sqq.

146 1017 226 1080 quos
258 1001 285 1066 si
319 1001 582 1082 perlustrahimus
613 1004 790 1086 catalogos,
829 1002 938 1068 statim
974 1002 1140 1068 dicendum
1176 1005 1238 1069 erit

52 1110 180 1190 priores
211 1111 282 1176 illos
305 1114 393 1180 viros
427 1115 537 1180 doctos
557 1133 671 1196 pamm
694 1117 843 1180 accurate
866 1113 1047 1178 distinxisse
1068 1112 1153 1181 inter
1175 1134 1238 1196 eos,

54 1222 164 1303 ipsum
196 1224 251 1303 qui
285 1225 505 1291 Aristarchum
536 1227 746 1304 audiverunt,
787 1223 960 1305 discipulos
989 1230 1022 1288 et
1055 1205 1239 1306 posterioris

55 1333 177 1398 aetatis
200 1336 434 1417 grammaticos,
457 1338 512 1420 qui
534 1337 620 1402 illius
643 1335 829 1402 auctoritati
851 1353 888 1400 ac
903 1335 1088 1418 disciplinae
1110 1335 1239 1402 fuerunt

57 1444 191 1522 addicti,
215 1451 247 1510 et
269 1446 349 1513 haec
371 1449 434 1512 duc
456 1449 736 1530 grammaticorum
760 1465 877 1528 genera
899 1447 983 1511 inter
1004 1465 1038 1512 se
1051 1446 1239 1514 contudisse.

56 1553 117 1620 hoc
140 1555 223 1621 enim
252 1557 338 1623 valet
369 1559 409 1622 de
432 1557 669 1640 Pamphilo,
702 1557 756 1640 qui
779 1555 901 1622 duobus
922 1555 988 1622 fere
1010 1559 1145 1624 saeculis
1167 1561 1239 1624 Ari-

59 1667 189 1732 starcho
211 1667 273 1733 fuit
294 1667 442 1748 inferior3
466 1670 505 1734 de
527 1688 589 1752 quo
611 1690 640 1735 v.
663 1669 809 1751 inprimis
832 1669 873 1732 M.
897 1668 1050 1735 Schmidt.
1095 1670 1240 1747 Quaestt.

60 1775 198 1859 Hesych.
228 1779 259 1842 in
282 1778 358 1844 Hes.
380 1781 429 1846 ed.
453 1787 475 1846 t.
497 1781 543 1845 IV
564 1801 596 1862 p.
618 1780 798 1846 LX—XGI.
842 1781 926 1844 idem
957 1781 997 1844 de
1029 1778 1118 1844 dubii
1141 1781 1239 1862 etiam

59 1887 196 1952 nominis
226 1897 387 1970 grammat
388 1892 436 1957 ico
465 1894 591 1974 Apro:
624 1911 697 1958 nam
728 1892 790 1956 etsi
821 1890 908 1972 apud
931 1887 1063 1956 Suidam
1096 1889 1174 1956 haec
1196 1891 1240 1956 le-

60 2003 141 2079 gunt
143 2018 180 2063 ur
208 2019 233 2066 s.
255 2021 284 2066 v.
310 1996 521 2089 Ηρακλείδης
553 1997 805 2078 Ποντικόςτ-
764 1991 932 2078 -οῧτος
962 1993 1127 2088 inaedri'
1107 2021 1240 2088 ηκοοσεν

51 2100 203 2192 ’Ἀπερος
217 2105 390 2243 (Ἄττερρις
405 2131 495 2178 nonu.
512 2113 617 2198 codd.)
633 2135 690 2177 τοο
675 2105 918 2244 Ἀριστάρχου
939 2113 1091 2198 μαθητοῦ
1113 2103 1239 2177 eoderu-

62 2220 201 2302 μοῦντος
222 2222 306 2288 κατὰ
327 2221 383 2310 τὴν
399 2217 520 2309 Ῥώμην
535 2219 643 2289 πολλά
659 2247 693 2288 τε
714 2221 771 2288 τὸν
787 2218 935 2307 Δίδυμον
960 2218 1237 2310 διασύροντος,
1186 2261 1228 2271 -

63 2335 135 2396 utut
150 2333 190 2398 de
205 2333 255 2398 his
270 2333 473 2401 iudicandum
489 2342 539 2401 est
551 2337 592 2417 2),
607 2337 635 2402 is
650 2336 798 2402 nimirum
815 2336 869 2418 qui
884 2335 1020 2418 Didymo
1034 2335 1235 2416 obtrectavit,

62 2442 239 2509 Aristarchi
261 2445 361 2526 ipsius
384 2463 444 2510 non
467 2448 574 2528 potuit
603 2465 672 2514 esse
694 2445 877 2528 discipulus.
893 2484 934 2494 —
950 2447 1007 2512 sed
1029 2445 1236 2528 Mnaseas,

63 2552 304 2637 Menander,
339 2557 500 2622 Aristis
536 2559 597 2624 huc
629 2558 726 2624 tracti
739 2557 771 2640 3)
804 2558 928 2623 nonnisi
963 2557 1047 2622 male
1076 2556 1236 2622 intellecto

63 2663 160 2728 Suida
174 2683 197 2730 e.
214 2685 241 2730 v.
261 2658 515 2754 Ἐρατοσθένηςε
540 2706 579 2716 -
596 2666 747 2756 μαθητὴν
770 2663 934 2754 ἐπίσημον
947 2663 1137 2730 καταλιπών
1147 2658 1237 2752 Ἀρι-

63 2769 223 2861 στοφοὶνην
238 2774 294 2842 τὸν
309 2775 492 2859 Βυζάντιον
506 2771 543 2844 οὗ
560 2774 661 2843 πάλιν
674 2770 891 2865 Ἀρίσταρχος
905 2772 1066 2865 μαθητής.
1088 2775 1238 2862 μαθηταὶ

64 2881 101 2948 δὲ
121 2877 216 2952 αὐτοῦ
240 2887 398 2966 Μνασέας
415 2887 470 2954 καὶ
486 2887 677 2976 Μένανδρος
691 2888 747 2954 καὶ
758 2885 931 2978 ’Ἀριστις
954 2883 1078 2974 ἔγραψε
1094 2887 1131 2954 δὲ
1146 2883 1237 2974 φιλό-

145 3103 175 3180 1)
198 3105 287 3164 etiam
303 3105 397 3179 magis
412 3107 504 3166 mirus
518 3107 671 3166 nominum
684 3107 814 3167 delectus
829 3107 906 3185 apud
919 3105 1109 3178 Schoellinm,
1128 3104 1234 3162 Gesoh.

64 3206 153 3280 dgr.
176 3207 248 3266 Litt.
271 3208 321 3266 ΙΙ2
347 3230 376 3286 p.
402 3213 470 3269 111.
497 3213 565 3281 112,
594 3210 626 3268 in
651 3229 708 3288 quo
740 3210 798 3268 hoc
826 3209 1022 3281 laudandum,
1053 3207 1131 3288 quod
1157 3207 1237 3266 inter

63 3308 227 3368 Aristarchi
250 3311 410 3390 discipulos
433 3319 463 3371 et
485 3312 664 3390 posteriores
687 3313 897 3371 Aristarcheos
920 3311 1101 3386 distinguere
1124 3310 1237 3370 studuit

64 3413 174 3470 —sed
198 3413 318 3472 studuit.

145 3516 176 3592 2)
199 3517 235 3574 de
257 3517 348 3575 variis
379 3518 415 3576 de
436 3519 494 3577 hoc
516 3517 636 3576 nomine
667 3517 856 3594 opinionibus
878 3537 906 3577 v.
930 3517 1053 3576 Teuffel.
1075 3516 1107 3574 in
1129 3515 1236 3594 Paulyi

63 3617 122 3676 ER.
153 3639 174 3678 a.
206 3639 236 3680 v.
268 3623 350 3696 Aper
374 3619 420 3698 l);
450 3621 491 3679 M.
524 3619 665 3679 Schmidt.
718 3619 785 3678 Did.
814 3641 847 3708 ¹p.
872 3625 899 3692 9,
934 3619 984 3699 qui
1015 3618 1235 3679 Westermanni

64 3722 166 3795 probat
188 3725 366 3782 sententiam
388 3743 441 3800 pro
457 3715 593 3801 ’Ἀπερας
618 3723 792 3780 conicientis
813 3714 997 3800 Ἀντέρωτος.
1034 3720 1108 3778 addo
1125 3720 1235 3779 Osann.

66 3823 180 3886 Quaest.
202 3826 281 3883 hom.
305 3827 409 3901 partic.
431 3825 476 3884 IV
498 3845 526 3902 p.
553 3830 589 3883 13
606 3845 635 3884 n.
653 3829 681 3897 9,
705 3824 755 3904 qui
774 3829 887 3902 Aprum
910 3825 973 3884 sive
988 3828 1116 3900 Asprum
1139 3841 1234 3896 gram-

65 3926 199 3984 maticum
221 3929 321 3986 ferens
342 3949 396 4004 pro
418 3919 609 4002 Ἀριστάρχου
631 3927 748 3986 restitui
772 3927 885 3988 mavult
905 3918 1112 4001 Ἀριστονίκου.

146 4031 176 4108 3)
199 4031 459 4090 assumsisti.
484 4029 519 4088 cl.
549 4051 577 4108 p.
604 4033 673 4087 358.
706 4029 776 4088 372.
809 4030 879 4089 ata.
910 4029 981 4100 457,
1013 4029 1141 4086 Mattero
1173 4027 1234 4086 l.1.

65 4129 98 4186 cl.
119 4151 145 4207 p.
171 4136 248 4204 1853
281 4134 418 4191 Mnaseas
450 4131 540 4190 etiam
569 4150 587 4188 a
617 4131 848 4204 Graefenhanio,
878 4134 902 4204 I,
927 4135 998 4189 394.
1021 4135 1091 4202 400,
1115 4130 1166 4208 qui
1189 4149 1234 4188 er-

63 4231 135 4292 roris
168 4235 314 4308 originem
336 4235 454 4296 videtur
483 4253 545 4292 non
566 4234 764 4311 perspexisse.
808 4253 870 4292 rem
899 4235 932 4292 in
963 4232 1059 4292 medio
1090 4232 1235 4311 relinquit

65 4334 154 4394 Meier
175 4336 195 4395 l.
216 4337 236 4397 l.

977 4433 1023 4496 l*
