2962 4812
690 210 902 276 -44-

205 378 378 444 lubidinem
408 380 610 460 castigavit.“
654 382 717 446 iam
748 382 831 448 hunc
861 380 1066 447 Troezenium
1089 380 1270 446 Aristarchi
1292 381 1393 446 disci-

204 489 332 570 pulum,
364 509 457 573 quern
484 491 570 573 apud
599 491 805 558 Plutarchum
835 491 1036 575 proverbium
1059 491 1270 574 explicantem
1292 493 1392 558 modo

205 601 360 682 vidimus,
393 602 477 667 inter
508 602 810 686 paroemiographos
841 601 1098 670 Schneidewinus
1127 603 1228 669 refert
1256 609 1394 686 propter

13 703 115 788 baffi
170 705 344 794 VHesyen.
376 707 520 778 Ιλαόκου
550 710 658 799 τέχνη·
694 709 943 800 Διονυσόδωρος
973 711 1030 800 τὴν
1060 711 1137 800 περὶ
1167 711 1224 778 τόν
1254 709 1395 802 σίδηρον

203 818 366 910 κόλλησιν.
396 823 541 901 netem
561 821 622 910 γὰρ
645 827 734 904 Χῖος
755 820 888 914 σιδήρου
909 821 1062 913 κόλλησιν
1082 816 1163 909 εὗρε.
1184 861 1227 874 -
1249 827 1393 892 eundem

1 1030 2 1035 ρ
62 956 170 1044 ..la-53
203 935 390 1016 Apollonius
412 937 451 1002 de
473 953 563 1018 pron.
585 956 616 1020 p.
639 937 703 1004 262
726 937 827 1004 tradit
847 937 1035 1020 pronomina
1049 937 1167 1003 dixisse
1189 959 1393 1022 παρονομα-

70 1093 144 1127 ,„...‚
205 1042 296 1124 σίαςε
320 1041 402 1112 ἀλλὰ
425 1043 487 1134 μὴν
510 1039 586 1113 οὐδὲ
603 1045 687 1113 κατὰ
709 1045 766 1114 τόν
788 1051 845 1114 τοῦ
864 1043 1054 1135 Τροιζηνίου
1069 1043 1319 1133 Διονυσοδώρου
1334 1043 1395 1114 λό-

204 1178 261 1242 γον
277 1136 528 1246 παρονομασίας
543 1157 685 1246 κλητέον,
709 1155 784 1225 ἐπεὶ
798 1157 856 1224 καὶ
876 1152 961 1223 data
983 1153 1018 1224 ἔν
1036 1179 1102 1224 τισι
1120 1155 1397 1247 παρονομόζεται

203 1263 310 1348 aa).
354 1275 391 1335 ut
419 1269 555 1338 fortasse
581 1271 682 1338 simile
709 1277 807 1355 atque
840 1272 999 1355 Tyrannio
1029 1271 1195 1354 scripsisse
1221 1273 1396 1355 putandus

204 1381 248 1446 sit
269 1399 349 1463 opus
371 1379 456 1467 Περὶ
476 1382 541 1447 τῶν
555 1382 664 1467 μερῶν
678 1385 735 1448 τοῦ
754 1378 859 1466 λόγου,
883 1382 934 1449 rel
956 1383 1022 1450 tale
1044 1383 1130 1466 quid.
1153 1421 1196 1430 —
1218 1389 1395 1465 praeterea

204 1498 312 1560 nostro
334 1494 493 1573 nonnulla,
515 1494 569 1560 ubi
593 1496 677 1561 nude
699 1495 935 1576 Dionysodorus
950 1495 1064 1573 diotae,
1087 1493 1260 1561 tribuenda
1275 1495 1395 1559 viden-

204 1610 272 1684 tur,
302 1605 386 1670 sicut
408 1606 448 1671 ab
471 1605 524 1670 his
545 1606 610 1672 illis
632 1607 709 1672 viris
731 1606 833 1672 doctis
855 1611 931 1670 sunt
952 1606 1131 1687 assignata:
1156 1606 1284 1671 lucian.
1308 1601 1396 1690 περὶ

205 1710 414 1800 πταίσματος
429 1736 455 1783 c.
473 1718 513 1784 10
525 1718 572 1800 ¹):
595 1716 652 1783 aui
674 1717 883 1803 Πτολεμαῖος
905 1714 942 1783 δὲ
958 1711 976 1782 ό
991 1711 1119 1800 Λόγου,
1145 1710 1288 1801 Σελεύκῳ
1308 1713 1394 1781 ἐπι-

204 1824 363 1908 στέλλων,
400 1829 514 1915 caede
543 1821 723 1916 ἀνέστρεψε
753 1826 809 1918 τὴν
838 1825 932 1910 τάξιν
960 1849 1017 1876 -·
1048 1821 1092 1905 ὡς
1122 1822 1389 1912 Διονυσόδωρος,

204 1933 223 2001 ό
251 1935 311 2016 τοὶς
342 1935 521 2018 ἐπιστολὰς
553 1944 611 2006 τοῦ
642 1934 740 2006 αὐτοῦ
768 1936 966 2026 συναγαγών,
998 1959 1106 2026 φησιν.
1151 1939 1248 2006 schol.
1271 1939 1389 2019 Eurip.

203 2049 367 2133 Hippolyt.
399 2053 460 2117 123
473 2056 518 2131 ⁸l:
548 2045 569 2141 ἢ
598 2048 649 2116 ότι
677 2051 755 2140 περὶ
785 2051 842 2142 τὴν
868 2047 1059 2139 Τροιζηνίαν
1079 2047 1212 2138 τοιαύτη
1234 2047 1285 2130 τίς
1308 2049 1384 2119 ἔστι

204 2159 330 2248 πέτρα,
361 2159 398 2244 ἐξ
421 2154 457 2251 ἧς
478 2161 515 2228 τό
538 2158 800 2250 καταφερόμενον
830 2157 916 2250 ὕδωρ
948 2159 1071 2247 βάσεται
1092 2161 1153 2242 τὰς
1174 2159 1305 2250 ὑδρίας,
1339 2159 1390 2243 ὡς

204 2267 451 2359 Διονυσόδωρος
481 2269 515 2338 ἐν
546 2277 592 2362 τῷ
622 2272 699 2361 περὶ
727 2278 885 2359 ποταμῶν
917 2295 1007 2362 φησι.
1051 2276 1149 2342 schol.
1178 2275 1255 2342 Eur.
1286 2276 1387 2342 RheS.

203 2384 265 2450 508
278 2385 325 2467 ‘):
358 2380 376 2451 ό
405 2387 480 2469 γοῦν
511 2380 762 2474 Διονυσόδωρος
802 2383 836 2452 ἐν
865 2389 937 2464 τοῖς
969 2385 1060 2475 παρὰ
1098 2389 1171 2465 τοῖς
1199 2385 1389 2474 τραγῳδοῖς

202 2489 439 2584 ἡμαρτημένοις
469 2495 569 2584 φησὶν
597 2490 717 2574 οότιος·
749 2492 816 2563 κτὲ.
847 2535 888 2546 -
922 2499 1108 2566 dubitanter
1137 2499 1241 2565 adicio
1276 2499 1388 2564 Laert.

177 2603 295 2689 DDiog.
317 2607 359 2687 ΙΙ,
380 2608 483 2688 42⁶):
515 2604 764 2702 Διονυσόδωρος
785 2607 823 2676 δέ
844 2629 924 2697 φησι
946 2608 992 2699 μὴ
1012 2601 1097 2675 εἶναι
1119 2603 1217 2675 αὐτοῦ
1245 2609 1303 2691 [se.
1327 2610 1389 2675 So·

203 2719 312 2801 creas]
335 2718 393 2784 aa
415 2719 553 2786 παιᾶνα.
579 2695 842 2804 senor‘hpouon.
865 2723 925 2788 an.
947 2723 973 2804 1,
996 2723 1058 2788 arr
1081 2723 1122 2788 ue
1144 2721 1318 2806 σιτίου).
1341 2755 1388 2768 -

203 2847 285 2910 queo
307 2832 413 2897 omnia
434 2832 462 2898 si
484 2851 558 2899 vere
581 2839 689 2899 nostro
706 2833 870 2916 assignata
885 2839 988 2913 eruut,
1011 2833 1091 2899 satir
1113 2834 1210 2900 variis
1232 2833 1265 2898 in
1289 2851 1386 2916 gene-

203 2941 291 3007 ribus
313 2943 422 3008 studia
444 2943 580 3010 hominis
602 2949 731 3011 versata
753 2963 823 3011 esse
846 2963 1006 3027 agnosces.

326 3167 409 3242 XV.
462 3169 708 3244 Ptolemaeus
734 3171 946 3264 Euergetes
972 3171 1014 3243 11
1046 3171 1261 3265 Physcoi).

286 3352 487 3420 Ptolemaeus
508 3354 684 3438 Euergetes
705 3356 737 3421 ΙΙ
759 3355 898 3440 Aegypti
931 3375 986 3420 rex
1012 3355 1053 3423 ab
1076 3356 1240 3423 Athenaeo
1263 3357 1386 3425 diserte

203 3464 381 3531 Aristarchi
404 3464 579 3548 discipulus
601 3467 720 3534 dieitur
741 3467 790 3547 ΙΙ,
821 3469 859 3533 71
883 3468 926 3534 Β;
950 3466 1158 3553 Πτολεμαῖος
1187 3461 1218 3533 d‘
1243 3463 1261 3534 ό
1283 3465 1386 3555 Εὐερ-

203 3608 407 3616 ——-..-..-—

294 3675 320 3754 l)
343 3675 582 3754 Dionysodorum
606 3681 709 3737 contra
731 3676 923 3754 Apollonium
954 3680 1076 3736 tuentur
1106 3677 1226 3736 Lersch.
1247 3677 1296 3750 ΙΙ,
1333 3678 1385 3740 57.

204 3781 252 3836 58.
272 3777 427 3838 Steinthal.
452 3779 523 3838 573.

288 3882 319 3956 2)
343 3880 538 3941 Gracfcnhan.
561 3882 603 3956 11,
630 3883 698 3942 170.
722 3879 938 3943 Schneidewin.
961 3880 980 3940 l.
1003 3880 1022 3938 l.

289 3984 320 4060 3)
343 3983 477 4062 Mueller.
499 3985 519 4044 l.
542 3985 561 4044 l.

289 4086 319 4162 4)
342 4085 441 4147 Vater.
464 4089 553 4147 Rhoe.
577 4087 645 4147 VII.
670 4086 803 4146 Dindorf.
827 4087 905 4146 adl.
928 4087 1079 4148 Barthold.
1102 4107 1131 4163 p.
1156 4093 1173 4145 6
1197 4107 1226 4144 n.
1254 4092 1280 4148 l.

342 4190 378 4248 ad
400 4188 639 4267 Dionysodorum
661 4190 803 4249 Boeotum
826 4190 919 4249 trahit
941 4189 1026 4250 Voss.
1048 4189 1067 4248 l.
1089 4188 1108 4247 l.

288 4193 305 4246 5

288 4190 320 4369 θλ
342 4291 472 4350 Lobech.
495 4292 640 4370 Aglaoph.
663 4313 691 4370 p.
719 4297 807 4352 1221.
830 4292 1044 4353 Schneidewin.
1067 4292 1087 4352 l.
1109 4293 1129 4352 l.
1163 4291 1297 4352 Mueller.
1320 4293 1339 4352 l.
1362 4295 1383 4356 l.

290 4397 321 4474 7)
343 4413 373 4452 v.
396 4393 478 4454 Voss.
502 4393 572 4455 hist.
595 4414 640 4470 gr.
661 4415 690 4471 p.
711 4397 767 4454 175
793 4395 948 4456 Westerm.
971 4394 1087 4454 Febrie.
1110 4395 1146 4469 V,
1169 4401 1240 4457 296.
1262 4397 1383 4462 nacor.
