2962 4812
708 177 918 244 ..16-

224 349 377 416 adversus
398 349 593 415 Demetrium
623 367 693 414 cum
726 347 913 414 Aristarcho
944 346 1086 428 putavit:
1121 344 1235 410 Strabo
1267 364 1297 426 p.
1320 345 1410 410 339:

224 455 320 525 τοῦτό
347 481 381 524 τε
413 451 467 524 οὖν
496 453 602 545 εἴρηκε
625 459 862 543 (Apollodorus)
887 455 1038 543 σκέψεως
1070 451 1223 540 δεόμενον
1245 453 1301 520 καὶ
1323 455 1410 543 περὶ

225 572 286 660 τῆς
308 567 463 651 Οἰχαλίας
485 566 531 634 du
557 566 655 656 φησὶν
677 562 713 635 οὗ
729 572 810 653 μιᾶς
826 565 931 655 οἰίσης,
954 565 1032 652 μίαν
1048 557 1131 632 εἰναι
1147 561 1246 632 πόλιν
1260 559 1410 654 Εὐρύτου

230 679 411 769 Οἰχαλιῆος.
433 680 528 768 δῆλον
544 671 598 744 οὖν
613 675 663 745 ὅτι
685 678 740 769 τὴν
758 676 963 768 Οετταλικήν,
986 672 1035 766 ἐφ’
1050 667 1087 767 ἧς
1106 671 1264 764 qrqocr‘oi'
1276 669 1303 740 τ’
1329 673 1410 757 ἔχον

232 789 392 880 Οἰχαλίην,
424 787 522 856 πόλιν
552 784 691 878 Εὐρύτου
726 789 906 879 Οἰχαλῆος’
939 786 1004 856 aci.
1048 789 1086 855 ci.
1120 790 1260 855 Ariston.
1294 791 1338 853 ad
1372 793 1410 852 Β

224 904 287 970 596
309 911 343 970 et
366 905 477 982 730¹).
521 904 593 968 dein
617 921 688 968 cnm
711 903 864 985 magistro
886 902 1043 968 consentit
1071 905 1178 967 noster
1200 901 1232 964 in
1248 893 1411 976 Ἑλλάδος

224 1017 309 1097 apud
333 1015 505 1079 Homerum
529 1014 655 1079 notione
676 1011 868 1080 definienda:
892 1013 997 1079 Strah.
1019 1033 1050 1095 p.
1067 1013 1130 1076 370
1151 1013 1190 1076 cl.
1212 1012 1323 1077 Lehrs.
1345 1013 1407 1076 Ar.

223 1130 295 1194 233.
311 1148 339 1193 v.
356 1127 454 1192 Gaed.
471 1125 625 1191 Demetrii
648 1124 695 1191 Sc.
717 1143 799 1205 quae
820 1143 939 1206 supers.
963 1143 993 1205 p.
1016 1125 1044 1188 8.
1061 1159 1102 1169 -
1124 1124 1180 1189 sed
1204 1123 1281 1189 haec
1297 1141 1407 1204 pauca

224 1239 371 1305 attulisse
400 1238 479 1302 satis
506 1237 558 1301 sit.
591 1237 630 1300 de
659 1241 727 1301 tota
756 1254 830 1301 vero
852 1235 951 1300 nostri
984 1235 1014 1298 in
1046 1234 1104 1298 hoe
1136 1253 1246 1316 campo
1277 1235 1408 1298 ratione

226 1349 463 1430 Schimbergum
487 1349 513 1413 si
530 1347 635 1429 placet
651 1348 818 1412 audiamus
841 1345 886 1428 (p.
903 1345 974 1429 21):
998 1383 1059 1426 „—
1075 1345 1250 1426 profectum
1273 1345 1406 1427 quidem

225 1461 450 1542 Apollodorum
480 1458 520 1523 ab
543 1458 721 1522 Aristarchi
752 1457 890 1537 ratione,
922 1462 1107 1538 provectum
1140 1464 1245 1522 tamen
1278 1455 1408 1536 longius

225 1590 295 1636 esse
316 1577 461 1652 apparet.
484 1587 584 1650 neque
613 1568 672 1633 hoc
693 1569 854 1646 miramur,
878 1569 904 1633 si
928 1569 1114 1649 respicimus
1137 1568 1300 1648 proprium
1323 1568 1406 1632 utri-

225 1702 325 1764 usque
347 1682 509 1748 consilium
532 1687 628 1762 atquc
642 1681 849 1762 propositum.
887 1678 1092 1746 Aristarchus
1114 1679 1197 1743 enim
1219 1679 1252 1744 id
1275 1678 1407 1760 agebat,

226 1803 262 1859 ut
284 1788 471 1877 ὁμωνυμίας
491 1791 729 1874 geographicae,
752 1810 833 1873 quae
856 1792 943 1872 apud
965 1791 1067 1872 ipsum
1091 1797 1216 1870 poetam
1240 1790 1407 1871 reperiun-

225 1914 287 1984 tur,
310 1909 434 1969 notaret
456 1909 489 1968 et
511 1903 730 1984 distingueret.
767 1901 978 1984 Apollodorus
1001 1909 1111 1966 contra
1133 1900 1248 1968 studiis
1270 1919 1406 1982 geogra-

225 2016 328 2098 phicis
350 2016 441 2080 nixus
456 2013 629 2080 Homerum
652 2015 698 2078 ita
714 2015 985 2094 interpretandum
1009 2012 1070 2078 sihi
1092 2013 1238 2094 sumpsit,
1260 2019 1297 2078 ut
1318 2013 1406 2094 quod

226 2121 412 2210 ὁμωνυμίας
427 2127 554 2206 attinet,
575 2126 644 2189 loca
659 2125 755 2188 etiam
778 2124 817 2189 ab
841 2124 911 2188 aliis
926 2123 1135 2205 scriptoribus
1157 2131 1405 2188 commemorata

225 2237 386 2318 colligeret
407 2227 439 2302 A
457 2256 494 2300 ex
516 2236 660 2316 hisquae
682 2236 713 2300 in
730 2253 853 2317 quoque
876 2237 961 2316 apud
976 2234 1147 2299 Homerum
1171 2251 1264 2299 versu
1280 2233 1405 2298 intelle-

225 2350 328 2432 genda
358 2353 473 2426 essent,
495 2349 652 2414 doceret.“

311 2459 481 2537 descivisse
511 2465 617 2524 autem
650 2459 689 2524 ab
720 2459 874 2540 magistro
905 2463 1014 2522 notum
1049 2465 1099 2522 est
1121 2456 1347 2538 Apollodorum
1369 2457 1404 2521 in

226 2571 356 2636 Homeri
376 2577 483 2636 aetate
498 2572 710 2652 computanda
726 2577 759 2634 et
774 2569 813 2634 ab
829 2569 1042 2634 Eratosthene
1059 2569 1202 2634 stetisse:
1225 2569 1264 2634 de
1287 2588 1351 2652 qua
1369 2587 1405 2631 re

226 2702 254 2748 v.
278 2682 498 2764 sengebusch,
522 2683 551 2746 h.
574 2682 650 2748 diss.
673 2701 720 2763 pr.
744 2701 774 2762 p.
797 2681 846 2746 31.
869 2682 920 2746 43.

313 2799 361 2858 est
381 2792 488 2872 etiam,
508 2811 570 2874 quo
593 2795 692 2858 nostri
715 2792 837 2857 indoles
859 2813 879 2856 a
901 2792 1047 2874 magistri
1069 2791 1193 2874 ingenio
1217 2791 1403 2871 discrepuit.

227 2923 296 2970 cum
321 2905 403 2969 enim
424 2905 629 2968 Aristarchus
651 2905 828 2984 proximum
852 2911 884 2968 et
907 2909 1067 2984 tanlquam
1092 2908 1166 2967 aute
1189 2902 1293 2966 oculos
1316 2905 1401 2984 posi-

226 3024 294 3079 tum
313 3015 443 3080 Homeri
466 3033 593 3080 sensum
616 3015 742 3096 assequi
765 3016 844 3080 satis
862 3014 994 3080 haberet
1017 3014 1140 3079 altioris
1162 3015 1402 3095 interpretatio-

228 3126 277 3190 nis
300 3125 475 3190 incnriosns
487 3128 529 3208 ¹),
551 3126 762 3207 Apollodorus
778 3126 954 3192 Stoicorum
970 3144 1066 3206 more,
1088 3125 1205 3208 quippe
1220 3126 1287 3206 ipse
1304 3124 1403 3188 Stoici

228 3235 405 3316 philosophi
430 3237 613 3318 discipulus,
636 3239 676 3301 ad
701 3238 942 3314 reconditiorem
966 3255 1002 3303 ac
1025 3238 1127 3318 magis
1149 3235 1401 3318 philosophicum

228 3365 354 3412 sensum
378 3347 557 3428 mythorum
580 3350 749 3414 ascendere
771 3349 937 3424 studebat,
968 3368 1030 3430 qua
1060 3348 1092 3413 iu
1122 3367 1155 3411 re
1177 3348 1324 3412 nimirum
1348 3347 1402 3412 ille

228 3459 310 3522 sicut
333 3463 473 3523 veterum
496 3459 637 3540 plerique
668 3459 891 3542 etymologiam
922 3459 1088 3525 verborum
1112 3478 1206 3541 quam
1229 3459 1401 3540 amplecte·

228 3566 345 3632 bantur
367 3569 446 3633 satis
475 3571 649 3636 exercebat.
673 3589 701 3634 r.
725 3571 892 3652 Heyninm,
915 3570 1058 3652 Apollod.
1081 3571 1120 3634 Il
1146 3590 1176 3652 p.
1199 3571 1271 3636 387.
1295 3609 1335 3616 —
1361 3573 1401 3634 de

229 3678 346 3744 studiis
369 3679 436 3743 eius
459 3680 626 3746 homericis
652 3681 771 3748 criticis
787 3687 820 3744 et
834 3681 1051 3764 grammaticis
1074 3683 1152 3746 satis
1174 3683 1252 3746 mihi
1274 3683 1401 3747 videtur

229 3789 371 3871 relegare
386 3791 428 3854 ad
443 3809 481 3855 ea
496 3809 577 3872 qnae
600 3793 639 3856 de
662 3794 707 3856 eis
730 3793 881 3858 disseruit
902 3794 950 3858 La
968 3793 1083 3870 Bothe,
1106 3793 1145 3857 H.
1161 3795 1195 3858 Τ.
1219 3814 1249 3875 p.
1265 3795 1305 3860 73
1318 3794 1400 3858 -75,

229 3988 433 4006 -υ--μ-

317 4119 346 4197 1)
369 4118 540 4191 Schimbcrg
562 4140 590 4197 p.
614 4126 631 4177 9
655 4141 720 4200 sqq.

317 4223 348 4294 λ)
378 4221 415 4282 of.
444 4219 533 4278 Wolf.
562 4223 651 4280 Proll.
682 4243 711 4298 p.
748 4229 814 4283 165.
852 4225 952 4282 Lehrs.
985 4228 1036 4283 Ar.
1075 4243 1102 4300 p.
1137 4229 1206 4283 166.
1245 4225 1398 4286 Stainthel.

229 4321 419 4400 spraehwiss.
441 4341 468 4398 p.
492 4327 553 4380 485
576 4344 640 4404 sqq.
