2962 4812
707 120 920 184 ..2-

225 311 263 357 ne
295 292 345 357 cui
376 292 487 358 inutile
518 292 621 372 egisse
652 293 772 357 videar.
817 292 933 356 etenim
964 297 997 356 et
1019 291 1217 373 Aristarchi,
1249 293 1347 358 cuius
1373 295 1428 357 ad
1454 333 1455 388 p

224 405 470 484 pernoscendam
486 403 661 468 doctrinam
682 403 755 467 inde
777 400 817 466 ab
831 399 953 464 Lehrsii
976 403 1102 484 egregio
1119 420 1212 484 opere
1235 408 1284 466 tot
1302 404 1427 468 nostri
1454 391 1455 438 l

225 515 286 578 viri
317 515 403 580 docti
434 533 564 596 operam
593 519 690 594 atque
724 531 854 578 acumen
878 511 1054 593 contulere,
1084 533 1206 580 summo
1229 514 1426 594 meritoque

225 627 310 705 apud
334 625 564 690 Alexandrinos
592 623 700 689 floruit
734 624 902 704 splendore
924 641 1036 688 nomen
1060 641 1097 689 ac
1119 624 1319 690 nostratibus
1345 624 1426 688 fere

225 736 348 800 inlaesa
370 736 476 800 adhuc
499 737 656 818 dignitate
678 734 790 814 fulget,
813 739 850 798 ut
872 752 950 814 quos
973 735 1042 816 ipsc
1065 736 1133 801 vias
1149 737 1266 801 criseos
1289 737 1425 800 docue-

227 847 271 910 rit
293 847 393 928 viros,
424 847 544 911 homini
567 847 678 912 harum
702 845 868 910 literarum
891 847 1034 910 studioso
1057 866 1115 928 per
1136 865 1171 912 se
1196 865 1313 928 operae
1337 865 1423 927 pre-

227 958 306 1022 tium
330 957 373 1022 sit
395 977 563 1040 quaerere:
597 965 629 1022 et
652 957 811 1021 nascentis
832 955 1045 1022 Alexandriae
1073 958 1300 1038 grammaticae
1327 957 1421 1020 artis

227 1069 362 1134 historia
396 1069 533 1150 ingentis
564 1069 701 1134 virorum
731 1066 852 1132 numeri
886 1067 1007 1148 stipata
1036 1073 1085 1132 est
1114 1067 1264 1132 memoria
1286 1069 1421 1149 partim

228 1179 343 1261 insigni
378 1179 473 1242 laude
506 1180 546 1244 de
579 1199 617 1244 ea
639 1179 825 1244 meritorum
848 1215 890 1224 -
913 1179 1071 1243 nominum
1103 1183 1269 1258 stupemus
1291 1179 1418 1244 nubem

228 1309 325 1372 quam
341 1290 475 1372 praehet
490 1290 620 1354 Villoiso
636 1291 669 1354 in
684 1289 827 1372 Prolegg.
850 1289 886 1354 Il.
910 1308 940 1370 p.
956 1289 1062 1354 XXIX
1076 1308 1144 1371 sqq.
1166 1291 1246 1354 etin
1266 1291 1417 1354 Anecdd.

229 1401 349 1481 Gall,
385 1401 448 1465 184
479 1420 506 1463 n.
529 1402 549 1466 2
572 1437 630 1479 —‚
659 1419 755 1482 quam
788 1400 911 1480 copiam
944 1419 1135 1481 quamquam
1172 1401 1418 1481 desperandum

229 1531 305 1578 sane
327 1517 428 1578 totam
450 1512 490 1576 ad
513 1517 695 1578 accuratum
713 1511 857 1588 redigere
880 1527 1053 1591 recensum,
1076 1517 1181 1576 tamen
1206 1511 1279 1577 huic
1301 1511 1350 1575 illi
1376 1531 1419 1576 ex

229 1644 267 1689 ea
289 1625 499 1706 grammatico
522 1625 549 1689 si
564 1625 635 1706 quis
658 1640 748 1686 suam
764 1625 904 1686 aetatem
927 1638 1080 1701 suamque
1096 1622 1296 1705 disciplinam
1316 1621 1417 1687 resti-

230 1734 344 1815 tuerit,
376 1740 461 1800 certe
493 1734 615 1815 aliquid
648 1735 690 1797 ad
725 1734 785 1799 hoc
813 1731 978 1798 literarum
1001 1751 1101 1814 genus
1124 1735 1314 1799 noscendum
1339 1751 1416 1813 pro-

230 1845 341 1911 fecerit
372 1846 394 1926 ).

316 1957 379 2020 iam
411 1975 485 2022 vero
517 1961 613 2020 antea
643 1974 737 2036 quam
768 1956 810 2020 ad
841 1955 954 2038 ipsum,
991 1958 1076 2038 quod
1100 1955 1189 2021 nobis
1210 1954 1412 2036 propositum

231 2073 291 2146 est,
313 2069 510 2147 accedamus,
534 2085 594 2131 non
617 2068 736 2148 absque
758 2085 793 2131 re
816 2067 944 2132 videtur
966 2086 1053 2148 esse,
1083 2068 1122 2132 de
1144 2065 1324 2132 Aristarchi
1346 2065 1414 2129 dis-

231 2177 406 2258 cipulorum
436 2179 598 2259 catalogis,
630 2195 708 2258 quos
742 2177 843 2242 nostri
875 2179 945 2243 aevi
980 2179 1038 2244 viri
1075 2177 1160 2244 docti
1189 2177 1413 2254 exhibuerunt,

236 2304 339 2368 pauca
361 2288 533 2369 disserere,
569 2294 600 2352 et
630 2289 658 2354 si
690 2288 744 2368 qui
766 2289 924 2354 immerito
948 2291 1046 2356 nobili
1068 2289 1115 2354 illi
1137 2287 1342 2354 contubernio
1363 2287 1412 2350 in·

238 2398 318 2490 trusi
348 2397 484 2477 fuerint,
517 2399 627 2462 statim
657 2399 697 2464 ab
729 2399 819 2464 initio
850 2418 903 2464 eos
924 2419 1095 2467 removere.
1138 2400 1276 2482 primum
1298 2401 1415 2478 autem,

238 2509 322 2590 qnod
344 2510 472 2591 quidem
488 2510 562 2588 scio,
585 2509 680 2574 huius
702 2510 828 2576 scholae
843 2511 1024 2593 catalogum
1047 2511 1224 2578 indefessae
1239 2508 1415 2574 industriae

240 2620 287 2683 vir
309 2619 481 2685 delineavit
512 2621 556 2685 lo.
579 2623 616 2684 A.
638 2620 819 2698 Fabricius,
850 2623 903 2702 qui
934 2624 966 2688 in
989 2623 1205 2688 Bibliothecae
1227 2619 1366 2686 Graecae
1389 2625 1413 2682 t.

239 2729 285 2796 Vl
307 2750 338 2811 p.
361 2731 433 2796 357.
456 2731 517 2795 358
548 2731 641 2796 hosce
670 2739 835 2797 enumerat
866 2733 1048 2816 ‘discipulos
1080 2733 1269 2814 scholasque
1292 2746 1414 2794 succes-

241 2841 351 2909 sorcs':
374 2845 505 2924 Aprum,
528 2843 671 2921 Aristim,
695 2843 940 2926 Aristodemum,
963 2845 1159 2910 Demetrium
1183 2843 1331 2916 Ixionem,
1353 2839 1414 2903 De-

240 2954 391 3018 metrium
415 2951 595 3034 Scepsium,
619 2953 849 3020 Dicaearchum
873 2955 1174 3033 Lacedaemonium,
1199 2951 1412 3029 Menandrum,

243 3062 417 3143 Massam,
447 3063 660 3144 Pamphilum,
691 3065 850 3147 Satyrum,
882 3066 1092 3144 Hellanicum,
1122 3064 1329 3130 Menecratem
1351 3060 1414 3141 Ny-

244 3193 363 3253 saeum,
385 3173 551 3238 Moschum
568 3174 782 3255 Syracosium,
804 3175 1019 3242 Ptolemaeum
1042 3175 1266 3241 Pindarionem
1288 3178 1320 3237 et
1340 3171 1413 3252 Epi-

244 3286 382 3364 thetem;
412 3283 493 3348 lilios
516 3285 736 3350 Aristarchum
765 3293 798 3350 et
822 3285 1048 3369 Aristagoram.
1091 3304 1173 3368 quae
1195 3284 1320 3349 nomina
1339 3281 1413 3347 fide-

244 3396 319 3460 liter
340 3394 559 3476 transscripsit
582 3395 643 3460 Iac.
675 3396 795 3462 Matter
823 3398 855 3462 in
885 3398 999 3462 librum
1031 3416 1122 3480 quem
1145 3395 1306 3475 inscripsit
1326 3393 1413 3458 Essai

246 3517 448 3528 -...---

335 3570 363 3647 l)
387 3570 424 3627 ad
453 3571 546 3630 verba
575 3589 703 3647 provoco
735 3570 791 3630 viri
815 3571 847 3628 in
870 3576 932 3630 toto
955 3573 1013 3630 hoc
1037 3591 1139 3648 campo
1162 3567 1352 3629 versatissimi
1374 3568 1412 3628 Μ.

251 3671 419 3743 Schmidtii,
443 3691 519 3751 quae
540 3671 572 3730 in
594 3672 681 3730 initio
705 3673 768 3731 eius
791 3673 827 3731 de
843 3673 965 3732 Seleuco
981 3674 1141 3733 Homerico
1165 3669 1412 3732 commentationis

134 3767 140 3780 ’
249 3779 370 3834 exstant
390 3775 522 3834 insertae
545 3775 654 3834 Philol.
676 3780 697 3834 t.
719 3775 771 3833 ΙΙΙ
792 3797 821 3852 p.
846 3782 1030 3836 436-459:
1053 3777 1159 3850 „einen
1193 3793 1282 3834 mann
1305 3773 1413 3830 henncn

249 3898 287 3936 uu
308 3878 428 3950 lernen,
459 3879 589 3940 walchen
621 3879 678 3936 den
707 3878 811 3937 lohren
844 3878 925 3937 eines
948 3880 1082 3938 meistars
1112 3879 1169 3940 wie
1193 3875 1342 3934 Aristaroh
1362 3874 1413 3934 mit

250 3981 497 4042 unwandelbarer
526 3988 610 4041 treue
632 3980 754 4054 anhing,
787 3979 887 4040 istan
910 3977 1411 4053 sichverlockend,nudfiirden

252 4082 572 4156 geschichtsschreibor
594 4085 646 4143 der
668 4081 875 4157 griechischen
898 4085 1116 4158 grammatiher,
1139 4082 1282 4144 welchem
1305 4086 1411 4152 strange

253 4186 416 4260 scheidung
446 4188 498 4246 der
527 4207 642 4246 massan
673 4185 734 4244 und
766 4185 975 4260 iiberweisung
1006 4187 1058 4247 der
1086 4185 1261 4246 individuan
1291 4203 1327 4243 an
1353 4183 1411 4240 ihre

254 4289 375 4348 sahulem
400 4289 519 4365 obliegt,
542 4312 593 4350 um
616 4289 714 4348 seiner
735 4288 971 4346 bedautsamkait
993 4289 1095 4350 willen
1118 4291 1275 4364 gaboten.“
